% This file is bibliography of my papers for Nodalida 2015

@Article{apertium,
    crossref = {forcada2010apertium},
}


@inproceedings{bick2009introducing,
    author = {Eckhard Bick},
    title = {Introducing probabilistic information in Constraint Grammar parsing},
    booktitle = {Proceedings of Corpus Linguistics 2009},
    year  = {2009},
    location = {Liverpool, UK},
    url = {http://ucrel.lancs.ac.uk/publications/cl2009/},
}

@article{beesley2003finite,
  title={Finite-state morphology: Xerox tools and techniques},
  author={Beesley, Kenneth R and Karttunen, Lauri},
  journal={CSLI, Stanford},
  year={2003}
}

@article{church1994unix,
  title={Unix™ for Poets},
  author={Church, Kenneth Ward},
  journal={Notes of a course from the European Summer School on Language and Speech Communication, Corpus Based Methods},
  year={1994}
}

@techreport{dyer2008generalizing,
  title={Generalizing word lattice translation},
  author={Dyer, Christopher and Muresan, Smaranda and Resnik, Philip},
  year={2008},
  institution={DTIC Document}
}

@article{forcada2010apertium,
    Author = {Mikel L. Forcada and Mireia Ginestí  Rosell  and Jacob Nordfalk and Jim O'Regan and Sergio Ortiz-Rojas and Juan Antonio Pérez-Ortiz and Gema Ramírez-Sánchez and Felipe Sánchez-Martínez  and Francis M. Tyers},
    Journal = {Machine Translation},
    Title = {Apertium: a free/open-source platform for rule-based machine translation platform},
    Year = {2010},
}



@inproceedings{moses,
    crossref = {koehn2007moses},
}

@inproceedings{koehn2007moses,
  title={Moses: Open source toolkit for statistical machine translation},
  author={Koehn, Philipp and Hoang, Hieu and Birch, Alexandra and Callison-Burch, Chris and Federico, Marcello and Bertoldi, Nicola and Cowan, Brooke and Shen, Wade and Moran, Christine and Zens, Richard and others},
  booktitle={Proceedings of the 45th Annual Meeting of the ACL on Interactive Poster and Demonstration Sessions},
  pages={177--180},
  year={2007},
  organization={Association for Computational Linguistics}
}

@inproceedings{koehn2007factored,
  title={Factored Translation Models.},
  author={Koehn, Philipp and Hoang, Hieu},
  booktitle={EMNLP-CoNLL},
  pages={868--876},
  year={2007},
}

@article{hfst,
    crossref={linden2011hfst},
}

@article{linden2011hfst,
  title={Hfst—framework for compiling and applying morphologies},
  author={Lindén, Krister and Axelson, Erik and Hardwick, Sam and Pirinen, Tommi A and Silfverberg, Miikka},
  journal={Systems and Frameworks for Computational Morphology},
  pages={67--85},
  year={2011},
  publisher={Springer},
}

@incollection{pirinen2014state,
  title={State-of-the-Art in Weighted Finite-State Spell-Checking},
  author={Pirinen, Tommi A and Lind{\'e}n, Krister},
  booktitle={Computational Linguistics and Intelligent Text Processing},
  pages={519--532},
  year={2014},
  publisher={Springer}
}
@Inproceedings{pirinen2009weighting,
    Author = {Krister Lindén and Tommi Pirinen},
    Booktitle = {FSMNLP 2009},
    editor = {Bruce Watson and Derrick Courie and Loek Cleophas and Pierre Rautenbach},
    month = {July},
    isbn = {978-1-86854-743-2},
    Title = {Weighting Finite-State Morphological Analyzers using {HFST} tools},
    URL = {http://www.ling.helsinki.fi/klinden/pubs/fsmnlp2009weighting.pdf},
    Year = {2009},
}

@inproceedings{pirinen2011modularisation,
    author = {Tommi A Pirinen},
    year = {2011},
    title = {Modularisation of {F}innish Finite-State Language Description—Towards Wide Collaboration in Open Source Development of Morphological Analyser},
    booktitle = { Proceedings of Nodalida},
   volume = {18},
   series = {NEALT proceedings},
   url = {http://www.helsinki.fi/\%7etapirine/publications/Pirinen-nodalida-2011-omorfi.pdf},
    category = {thesis},
  flammie = {spell-checking},
}

