@book{haspelmath2005world,
  title={The world atlas of language structures},
  author={Haspelmath, Martin},
  year={2005},
  publisher={Oxford University Press}
}
