@article{hasler2011margin,
  title={{Margin Infused Relaxed Algorithm for Moses}},
  author={Hasler, Eva and Haddow, Barry and Koehn, Philipp},
  journal={The Prague Bulletin of Mathematical Linguistics},
  volume={96},
  pages={69--78},
  year={2011}
}
@inproceedings{koehn2005edinburgh,
  title={Edinburgh system description for the 2005 IWSLT speech translation evaluation.},
  author={Koehn, Philipp and Axelrod, Amittai and Birch, Alexandra and Callison-Burch, Chris and Osborne, Miles and Talbot, David and White, Michael},
  booktitle={IWSLT},
  pages={68--75},
  year={2005}
}



@inproceedings{galley2008simple,
  title={A simple and effective hierarchical phrase reordering model},
  author={Galley, Michel and Manning, Christopher D},
  booktitle={Proceedings of the Conference on Empirical Methods in Natural Language Processing},
  pages={848--856},
  year={2008},
  organization={Association for Computational Linguistics}
}

@article{och2004alignment,
  title={{The Alignment Template Approach to Statistical Machine Translation}},
  author={Och, Franz Josef and Ney, Hermann},
  journal={Computational linguistics},
  volume={30},
  number={4},
  pages={417--449},
  year={2004},
  publisher={MIT press}
}
@inproceedings{chiang2005hierarchical,
  title={{A Hierarchical Phrase-based Model for Statistical Machine Translation}},
  author={Chiang, David},
  booktitle={Proceedings of ACL},
  pages={263--270},
  year={2005}
}
@inproceedings{koehn2007factored,
  title={{Factored Translation Models}},
  author={Koehn, Philipp and Hoang, Hieu},
  booktitle={Proceedings of EMNLP-CoNLL},
  pages={868--876},
  year={2007}
}

@inproceedings{koehn2005europarl,
  title={{Europarl: A Parallel Corpus for Statistical Machine Translation}},
  author={Koehn, Philipp},
  booktitle={MT summit},
  volume={5},
  pages={79--86},
  year={2005}
}

@inproceedings{pirinen2015omorfi,
  title={Omorfi—Free and open source morphological lexical database for {F}innish},
  author={Pirinen, Tommi A},
  booktitle={Nordic Conference of Computational Linguistics NODALIDA 2015},
  pages={313--317},
  year={2015}
}

@incollection{hfst,
  title={HFST tools for morphology--an efficient open-source package for construction of morphological analyzers},
  author={Lind{\'e}n, Krister and Silfverberg, Miikka and Pirinen, Tommi},
  booktitle={State of the Art in Computational Morphology},
  pages={28--47},
  year={2009},
  publisher={Springer}
}

@inproceedings{koehn2007moses,
  title={{Moses: Open Source Toolkit for Statistical Machine Translation}},
  author={Koehn, Philipp and Hoang, Hieu and Birch, Alexandra and Callison-Burch, Chris and Federico, Marcello and Bertoldi, Nicola and Cowan, Brooke and Shen, Wade and Moran, Christine and Zens, Richard and others},
  booktitle={Proceedings of ACL},
  pages={177--180},
  year={2007}
}

@article{och:03,
        author = {Och, Franz Josef and Ney, Hermann},
        title = {{A Systematic Comparison of Various Statistical Alignment Models}},
        journal = {Computational Linguistics},
        volume = {29},
        issue = {1},
        year = {2003},
        pages = {19--51}
}
@inproceedings{gao2008parallel,
        title={{Parallel Implementations of Word Alignment Tool}},
        author={Gao, Qin and Vogel, Stephan},
        booktitle={Software Engineering, Testing, and Quality Assurance for Natural Language Processing},
        pages={49--57},
        year={2008}
}
@inproceedings{heafield2013estimate,
        title = {{Scalable Modified Kneser-Ney Language Model Estimation}},
        author = {Kenneth Heafield and Ivan Pouzyrevsky and Jonathan H. Clark and Philipp Koehn},
        year = {2013},
        booktitle = {Proceedings of ACL},
        pages = {690--696}
}
@inproceedings{stolcke2011srilm,
        title={{SRILM at Sixteen: Update and Outlook}},
        author={Stolcke, Andreas and Zheng, Jing and Wang, Wen and Abrash, Victor},
        booktitle={Proceedings of ASRU},
        year={2011}
}
@inproceedings{och2003minimum,
        title={{Minimum Error Rate Training in Statistical Machine Translation}},
        author={Och, Franz Josef},
        booktitle={Proceedings of ACL},
        pages={160--167},
        volume={1},
        year={2003}
}
@inproceedings{durrani2011joint,
        title={{A Joint Sequence Translation Model with Integrated Reordering}},
        author={Durrani, Nadir and Schmid, Helmut and Fraser, Alexander},
        booktitle={Proceedings of ACL/HLT},
        pages={1045--1054},
        year={2011}
}
@inproceedings{durrani2013edinburgh,
        title={{Edinburgh's Machine Translation Systems for European Language Pairs}},
        author={Durrani, Nadir and Haddow, Barry and Heafield, Kenneth and Koehn, Philipp},
        booktitle={Proceedings of WMT},
        pages={112--119},
        year={2013}
}
@inproceedings{snover2006study,
        title={{A Study of Translation Edit Rate with Targeted Human Annotation}},
        author={Snover, Matthew and Dorr, Bonnie and Schwartz, Richard and Micciulla, Linnea and Makhoul, John},
        booktitle={Proceedings of AMTA},
        pages={223--231},
        year={2006}
}
@inproceedings{papineni2002bleu,
        author={Papineni, Kishore and Roukos, Salim and Ward, Todd and Zhu, Wei-Jing},
        title={{BLEU: A Method for Automatic Evaluation of Machine Translation}},
        booktitle={Proceedings of ACL},
        year={2002},
        pages={311--318}
}
@InProceedings{devlin2014binlm,
  author    = {Devlin, Jacob  and  Zbib, Rabih  and  Huang, Zhongqiang  and  Lamar, Thomas  and  Schwartz, Richard  and  Makhoul, John},
  title     = {{Fast and Robust Neural Network Joint Models for Statistical Machine Translation}},
  booktitle = {Proceedings of ACL},
  year      = {2014},
  pages     = {1370--1380}
}


@InProceedings{papavassiliou-prokopidis-thurmair:2013:BUCC,
author = "Papavassiliou, Vassilis and Prokopidis, Prokopis and Gregor Thurmair",
address = "Sofia, Bulgaria",
booktitle = "Proceedings of the Sixth Workshop on Building and Using Comparable Corpora",
month = "August",
pages = "43--51",
publisher = "Association for Computational Linguistics",
title = "{A} modular open-source focused crawler for mining monolingual and bilingual corpora from the web",
url = "http://www.aclweb.org/anthology/W13-2506.pdf",
year = "2013",
}



@inproceedings{varga2007parallel,
  title={Parallel corpora for medium density languages},
  author={Varga, D{\'a}niel and N{\'e}meth, L{\'a}szl{\'o} and Hal{\'a}csy, P{\'e}ter and Kornai, Andr{\'a}s and Tr{\'o}n, Viktor and Nagy, Viktor},
  booktitle={Recent Advances in Natural Language Processing},
  address={{B}orovets, {B}ulgaria},
  pages={590--596},
  year={2005}
}

@inproceedings{suchomel2012efficient,
  title={Efficient web crawling for large text corpora},
  author={Suchomel, V{\'\i}t and Pomik{\'a}lek, Jan},
  booktitle={{P}roceedings of the 7th {W}eb as {C}orpus {W}orkshop},
  series = {{WAC7}},
  pages={39--43},
  address = {{L}yon, {F}rance},
  year={2012}
}

@inproceedings{espla14-comparing,
	Address = {{R}eykjavik, {I}celand},
	Author = {Miquel Espl{\`a}-Gomis and Filip Klubi{\v c}ka and Nikola Ljube{\v s}i{\'c} and Sergio Ortiz-Rojas and Vassilis Papavassiliou and Prokopis Prokopidis},
	Booktitle = {Proceedings of the 9th {I}nternational {C}onference on {L}anguage {R}esources and {E}valuation},
    series = {{LREC}'14},
	Title = {Comparing Two Acquisition Systems for Automatically Building an English-Croatian Parallel Corpus from Multilingual Websites},
	Year = {2014}
}


@InProceedings{ESPLGOMIS14.529,
  author = {Miquel Espl\`{a}-Gomis and Filip Klubička and Nikola Ljubešić and Sergio Ortiz-Rojas and Vassilis Papavassiliou and Prokopis Prokopidis},
  title = {Comparing Two Acquisition Systems for Automatically Building an English-Croatian Parallel Corpus from Multilingual Websites},
  booktitle = {Proceedings of the Ninth International Conference on Language Resources and Evaluation (LREC'14)},
  year = {2014},
  month = {may},
  date = {26-31},
  address = {Reykjavik, Iceland},
  editor = {Nicoletta Calzolari (Conference Chair) and Khalid Choukri and Thierry Declerck and Hrafn Loftsson and Bente Maegaard and Joseph Mariani and Asuncion Moreno and Jan Odijk and Stelios Piperidis},
  publisher = {European Language Resources Association (ELRA)},
  isbn = {978-2-9517408-8-4},
  language = {english}
 } 
 @inproceedings{toral2014extrinsic,
  title={Extrinsic Evaluation of Web-Crawlers in Machine Translation: a Case Study on Croatian--English for the Tourism Domain},
  author={Toral, Antonio and Rubino, Raphael and Espl{\`a}-Gomis, Miquel and Pirinen, Tommi and Way, Andy and Ramirez-Sanchez, Gema},
  booktitle={Proceedings of EAMT},
  pages={221--224},
  year={2014}
}

@article{heafield2010combining,
  title={Combining Machine Translation Output with Open Source: The Carnegie Mellon Multi-Engine Machine Translation Scheme},
  author={Heafield, Kenneth and Lavie, Alon},
  journal={The Prague Bulletin of Mathematical Linguistics},
  volume={93},
  pages={27--36},
  year={2010}
}

@inproceedings{tiedemann2009news,
  title={News from OPUS-A collection of multilingual parallel corpora with tools and interfaces},
  author={Tiedemann, J{\"o}rg},
  booktitle={Recent advances in natural language processing},
  volume={5},
  pages={237--248},
  year={2009}
}

@inproceedings{axelrod2011domain,
  title={Domain adaptation via pseudo in-domain data selection},
  author={Axelrod, Amittai and He, Xiaodong and Gao, Jianfeng},
  booktitle={Proceedings of the Conference on Empirical Methods in Natural Language Processing},
  pages={355--362},
  year={2011},
  organization={Association for Computational Linguistics}
}

@InProceedings{rubino-EtAl:2014:W14-33,
  author    = {Rubino, Raphael  and  Toral, Antonio  and  S\'{a}nchez-Cartagena, V\'{i}ctor M.  and  Ferr\'{a}ndez-Tordera, Jorge  and  Ortiz Rojas, Sergio  and  Ram\'{i}rez-S\'{a}nchez, Gema  and  S\'{a}nchez-Mart\'{i}nez, Felipe  and  Way, Andy},
  title     = {Abu-MaTran at WMT 2014 Translation Task: Two-step Data Selection and RBMT-Style Synthetic Rules},
  booktitle = {Proceedings of the Ninth Workshop on Statistical Machine Translation},
  month     = {June},
  year      = {2014},
  address   = {Baltimore, Maryland, USA},
  publisher = {Association for Computational Linguistics},
  pages     = {171--177},
  url       = {http://www.aclweb.org/anthology/W/W14/W14-3319}
}

@inproceedings{lewis2013dramatically,
  title={Dramatically reducing training data size through vocabulary saturation},
  author={Lewis, William D and Eetemadi, Sauleh},
  booktitle={Proceedings of the Eighth Workshop on Statistical Machine Translation},
  pages={281--291},
  year={2013}
}

@inproceedings{sennrich2012perplexity,
  title={Perplexity minimization for translation model domain adaptation in statistical machine translation},
  author={Sennrich, Rico},
  booktitle={Proceedings of the 13th Conference of the European Chapter of the Association for Computational Linguistics},
  pages={539--549},
  year={2012},
  organization={Association for Computational Linguistics}
}


@inproceedings{flatcat,
   	crossref = {gronroos2014morfessor},
}


@inproceedings{gronroos2014morfessor,
  title={Morfessor FlatCat: An HMM-based method for unsupervised and semi-supervised learning of morphology},
  author={Gr{\"o}nroos, Stig-Arne and Virpioja, Sami and Smit, Peter and Kurimo, Mikko},
  booktitle={Proceedings of COLING 2014, the 25th International Conference on Computational Linguistics},
  pages={1177--1185},
  year={2014}
}


@article{morfessor,
    crossref = {virpioja2013morfessor},
}


@article{virpioja2013morfessor,
  title={Morfessor 2.0: Python implementation and extensions for Morfessor Baseline},
  author={Virpioja, Sami and Smit, Peter and Gr{\"o}nroos, Stig-Arne and Kurimo, Mikko and others},
  year={2013},
  publisher={Aalto University}
}

@inproceedings{watanabe-EtAl:2007:EMNLP-CoNLL2007,
    author = {Watanabe, Taro and Suzuki, Jun and Tsukada, Hajime and Isozaki, Hideki},
    title = {Online Large-Margin Training for Statistical Machine Translation},
    booktitle = {Proceedings of the 2007 Joint Conference on Empirical Methods in Natural Language Processing and Computational Natural Language Learning (EMNLP-CoNLL)},
    month = {June},
    year = {2007},
    address = {Prague, Czech Republic},
    publisher = {Association for Computational Linguistics},
    pages = {764--773},
    url = {http://www.aclweb.org/anthology/D07-1080}
    }
    
    
@inproceedings{ljubesic14-bs,
	Address = {Gothenburg, Sweden},
	Author = {Nikola Ljube{\v s}i{\'c} and Filip Klubi{\v c}ka},
	Booktitle = {Proceedings of the 9th Web as Corpus Workshop (WaC-9)},
	Pages = {29--35},
	Publisher = {Association for Computational Linguistics},
	Title = {\{bs,hr,sr\}{WaC} -- Web corpora of {B}osnian, {C}roatian and {S}erbian},
	Year = {2014}
}