% Bibliography for article: foo

@article{cap2014produce,
  author    = {Cap, Fabienne  and  Fraser, Alexander  and  Weller, Marion  and  Cahill, Aoife},
  title     = {How to Produce Unseen Teddy Bears: Improved Morphological Processing of Compounds in SMT},
  booktitle = {Proceedings of the 14th Conference of the European Chapter of the Association for Computational Linguistics},
  month     = {April},
  year      = {2014},
  address   = {Gothenburg, Sweden},
  publisher = {Association for Computational Linguistics},
  pages     = {579--587},
  url       = {http://www.aclweb.org/anthology/E14-1061}
}

}

@inproceedings{fishel2010linguistically,
  title={Linguistically Motivated Unsupervised Segmentation for Machine Translation},
  author={Fishel, Mark and Kirik, Harri},
  booktitle={Proceedings of LREC},
  year={2010}
}

@inproceedings{koehn2005europarl,
  title={Europarl: A parallel corpus for statistical machine translation},
  author={Koehn, Philipp},
  booktitle={MT summit},
  volume={5},
  pages={79--86},
  year={2005}
}

@article{forcada2011apertium,
  title={Apertium: a free/open-source platform for rule-based machine translation},
  author={Forcada, Mikel L and Ginest{\'\i}-Rosell, Mireia and Nordfalk, Jacob and Oâ€™Regan, Jim and Ortiz-Rojas, Sergio and P{\'e}rez-Ortiz, Juan Antonio and S{\'a}nchez-Mart{\'\i}nez, Felipe and Ram{\'\i}rez-S{\'a}nchez, Gema and Tyers, Francis M},
  journal={Machine Translation},
  volume={25},
  number={2},
  pages={127--144},
  year={2011},
  publisher={Springer}
}
