# This file contains bib citations for article ___
# Use google scholar citation names (authoryeartitle), sort alphabetically
# Some conference proceedings can be crossrefed to key conferenceyear.
# Some software can be crossrefed to by name or nameyear.

@inproceedings{clifton2011combining,
 author = {Clifton, Ann and Sarkar, Anoop},
 title = {Combining Morpheme-based Machine Translation with Post-processing Morpheme Prediction},
 booktitle = {Proceedings of the 49th Annual Meeting of the Association for Computational Linguistics: Human Language Technologies - Volume 1},
 series = {HLT '11},
 year = {2011},
 isbn = {978-1-932432-87-9},
 location = {Portland, Oregon},
 pages = {32--42},
 numpages = {11},
 url = {http://dl.acm.org/citation.cfm?id=2002472.2002477},
 acmid = {2002477},
 publisher = {Association for Computational Linguistics},
 address = {Stroudsburg, PA, USA},
 flammie = {smt eng-fin},
}

@inproceedings{degispert2009minimum,
  title={Minimum Bayes risk combination of translation hypotheses from alternative morphological decompositions},
  author={De Gispert, Adri{\`a} and Virpioja, Sami and Kurimo, Mikko and Byrne, William},
  booktitle={Proceedings of Human Language Technologies: The 2009 Annual Conference of the North American Chapter of the Association for Computational Linguistics, Companion Volume: Short Papers},
  pages={73--76},
  year={2009},
  organization={Association for Computational Linguistics}
}

@techreport{dyer2008generalizing,
  title={Generalizing word lattice translation},
  author={Dyer, Christopher and Muresan, Smaranda and Resnik, Philip},
  year={2008},
  institution={DTIC Document}
}

@inproceedings{koehn2007factored,
  title={Factored Translation Models.},
  author={Koehn, Philipp and Hoang, Hieu},
  booktitle={EMNLP-CoNLL},
  pages={868--876},
  year={2007},
}

@inproceedings{lee2004morphological,
 author = {Lee, Young-Suk},
 title = {Morphological Analysis for Statistical Machine Translation},
 booktitle = {Proceedings of HLT-NAACL 2004: Short Papers},
 series = {HLT-NAACL-Short '04},
 year = {2004},
 isbn = {1-932432-24-8},
 location = {Boston, Massachusetts},
 pages = {57--60},
 numpages = {4},
 url = {http://dl.acm.org/citation.cfm?id=1613984.1613999},
 acmid = {1613999},
 publisher = {Association for Computational Linguistics},
 address = {Stroudsburg, PA, USA},
} 

@inproceedings{luong2010hybrid,
 author = {Luong, Minh-Thang and Nakov, Preslav and Kan, Min-Yen},
 title = {A Hybrid Morpheme-word Representation for Machine Translation of Morphologically Rich Languages},
 booktitle = {Proceedings of the 2010 Conference on Empirical Methods in Natural Language Processing},
 series = {EMNLP '10},
 year = {2010},
 location = {Cambridge, Massachusetts},
 pages = {148--157},
 numpages = {10},
 url = {http://dl.acm.org/citation.cfm?id=1870658.1870673},
 acmid = {1870673},
 publisher = {Association for Computational Linguistics},
 address = {Stroudsburg, PA, USA},
 flammie= {smt, eng-fin},
}

@inproceedings{mermer2010unsupervised,
 author = {Mermer, Co\c{s}kun},
 title = {Unsupervised Search for the Optimal Segmentation for Statistical Machine Translation},
 booktitle = {Proceedings of the ACL 2010 Student Research Workshop},
 series = {ACLstudent '10},
 year = {2010},
 location = {Uppsala, Sweden},
 pages = {31--36},
 numpages = {6},
 url = {http://dl.acm.org/citation.cfm?id=1858913.1858919},
 acmid = {1858919},
 publisher = {Association for Computational Linguistics},
 address = {Stroudsburg, PA, USA},
} 

@inproceedings{virpioja2007morphology,
    address = {Copenhagen, Denmark},
    author = {Sami Virpioja and Jaakko J. V{\"{a}}yrynen and Mathias Creutz and Markus Sadeniemi},
    booktitle = {Proceedings of the Machine Translation Summit XI},
    month = {September},
    pages = {491--498},
    title = {Morphology-Aware Statistical Machine Translation Based on Morphs Induced in an Unsupervised Manner},
    year = {2007},
}
