@InProceedings{szegedtreebank,
  author =      {Csendes, D\'ora and Csirik, J\'anos and Gyim\'othy, Tibor and Kocsor, Andr\'as},
  title =      {{The Szeged TreeBank}},
  booktitle = {Proceedings of the 8th International Conference on Text, Speech and Dialogue, TSD 2005},
  pages =      {123--132},
  year =      {2005},
  editor =      {Matousek, V\'aclav and Mautner, Pavel and Pavelka, Tom\'as},
  series = {Lecture Notes in Computer Science},
  address = {Berlin / Heidelberg},
  month = {September},
  publisher = {Springer}
}

@InProceedings{VINCZE10.465,
  author = {Vincze, Veronika and  Szauter, D\'ora and Alm\'asi, Attila and M\'ora, {\relax Gy}\"orgy and Alexin, Zolt\'an and Csirik, J\'anos},
  title = {{Hungarian Dependency Treebank}},
  booktitle = {Proceedings of LREC 2010},
  year = {2010},
  month = {May},
  date = {19-21},
  address = {Valletta, Malta},
  publisher = {ELRA},
  isbn = {2-9517408-6-7},
  language = {english}
 }

@inproceedings{magyarlanc,
  author    = {Zsibrita, J\'anos and Vincze, Veronika and Farkas, Rich\'ard},
  title     = {{magyarlanc: A Toolkit for Morphological and Dependency Parsing of Hungarian}},
  booktitle = {Proceedings of RANLP-2013},
  year      = {2013},
  address   = {Hissar, Bulgaria},
  pages =      {763--771}
}

 @book{chomsky,
  author    = {Chomsky, Noam},
  title     = {{Lectures on Government and Binding}},
  year      = {1981},
	publisher	=	{Dordrecht},
  address   = {Foris}
}

@InProceedings{seddah-EtAl:2013:SPMRL,
  author    = {Seddah, Djam\'{e}  and  Tsarfaty, Reut  and  K\"{u}bler, Sandra  and  Candito, Marie  and  Choi, Jinho D.  and  Farkas, Rich\'{a}rd  and  Foster, Jennifer  and  Goenaga, Iakes  and  Gojenola Galletebeitia, Koldo  and  Goldberg, Yoav  and  Green, Spence  and  Habash, Nizar  and  Kuhlmann, Marco  and  Maier, Wolfgang  and  Marton, Yuval  and  Nivre, Joakim  and  Przepi\'{o}rkowski, Adam  and  Roth, Ryan  and  Seeker, Wolfgang  and  Versley, Yannick  and  Vincze, Veronika  and  Woli\'{n}ski, Marcin  and  Wr\'{o}blewska, Alina},
  title     = {Overview of the {SPMRL} 2013 Shared Task: A Cross-Framework Evaluation of Parsing Morphologically Rich Languages},
  booktitle = {Proceedings of the Fourth Workshop on Statistical Parsing of Morphologically-Rich Languages},
  month     = {October},
  year      = {2013},
  address   = {Seattle, Washington, USA},
  publisher = {ACL},
  pages     = {146--182},
  url       = {http://www.aclweb.org/anthology/W13-4917}
}

@incollection{Bresnan95a,
	Address = {Stanford, CA},
	Author = {Joan Bresnan},
	Booktitle = {{Formal Issues in Lexical-Functional Grammar}},
	Date-Modified = {2007-04-01 17:27:41 +0200},
	Editor = {Mary Dalrymple and Ronald M. Kaplan and John T. Maxwell and Annie Zaenen},
	Pages = {241--274},
	Publisher = {CSLI Publications},
	Title = {Linear Order, Syntactic Rank, and Empty Categories: {O}n Weak Crossover},
	Year = 1995
}

@inproceedings{Attia:lfg08,
  author =	 {Mohammed Attia},
  title =	 {{A Unified Analysis of Copula Constructions in LFG}},
  year =	 2008,
  booktitle =	 {The Proceedings of the LFG '08 Conference},
  editor =	 {Miriam Butt and Tracy Holloway King},
  pages =	 {89-108},
  address =	 {University of Sydney, Australia},
  url =		 { href="http://csli-publications.stanford.edu/LFG/13/abstracts/lfg08abs-attia.html}
}

@book{Butt99KingNinoSegond,
	Address = {Stanford, CA},
	Author = {Miriam Butt and Mar{\'\i}a{-}Eugenia Ni{\~n}o and Fr{\'e}d{\'e}rique Segond},
	Date-Modified = {2007-04-01 17:27:41 +0200},
	Publisher = {CSLI Publications},
	Title = {{A Grammar Writer's Cookbook}},
	Year = 1999
}

@inproceedings{ LaczkoInflecting:lfg2011,
  author =	 {{\relax Gy}{\"o}rgy R\'akosi and Tibor Laczk{\'o}},
  title =	 {{Inflecting Spatial Particles and Shadows of the Past in Hungarian}},
  year =	2011,
  booktitle =	 {The Proceedings of the LFG 2011 Conference},
  editor =	 {Miriam Butt and Tracy Holloway King},
  pages =	 {440-460},
  address =	 {Hong Kong},
  url =		 { href="http://cslipublications.stanford.edu/LFG/16/abstracts/lfg11abs-rakosilaczko.html}
}
@inproceedings{Laczko04,
	Address = {University of Canterbury},
	Author = {Tibor Laczk{\'o}},
	Booktitle = {The Proceedings of the LFG '04 Conference},
	Date-Modified = {2007-04-01 17:27:41 +0200},
	Editor = {Miriam Butt and Tracy Holloway King},
	Title = {{Grammatical Functions, LMT, and Control in the Hungarian DP Revisited}},
	Url = {http://csli-publications.stanford.edu/LFG/9/lfg04.html},
	Year = 2004
}

@InProceedings{bohnet:2010:PAPERS,
  author    = {Bohnet, Bernd},
  title     = {Top Accuracy and Fast Dependency Parsing is not a Contradiction},
  booktitle = {Proceedings of the 23rd International Conference on Computational Linguistics (Coling 2010)},
  year      = {2010},
  pages     = {89--97},
  url       = {http://www.aclweb.org/anthology/C10-1011}
}

@InProceedings{BerkeleyParser,
   author    = {Petrov, Slav  and  Barrett, Leon  and  Thibaux, Romain  and  Klein, Dan},
   title     = {Learning Accurate, Compact, and Interpretable Tree Annotation},
   booktitle = {Proceedings of the 21st International Conference on Computational Linguistics and 44th Annual Meeting of the Association for Computational Linguistics},
   year      = {2006},
   pages     = {433--440},
}

@InProceedings{farkas-vincze-schmid:2012:EACL2012,
  author    = {Farkas, Rich\'{a}rd  and  Vincze, Veronika  and  Schmid, Helmut},
  title     = {{Dependency Parsing of Hungarian: Baseline Results and Challenges}},
  booktitle = {Proceedings of the 13th Conference of the European Chapter of the Association for Computational Linguistics},
  month     = {April},
  year      = {2012},
  address   = {Avignon, France},
  publisher = {Association for Computational Linguistics},
  pages     = {55--65},
  url       = {http://www.aclweb.org/anthology/E12-1007}
}

@InProceedings{seeker-EtAl:2012:POSTERS,
  author    = {Seeker, Wolfgang  and  Farkas, Rich{\'a}rd  and  Bohnet, Bernd  and  Schmid, Helmut  and  Kuhn, Jonas},
  title     = {Data-driven Dependency Parsing With Empty Heads},
  booktitle = {Proceedings of COLING 2012: Posters},
  month     = {December},
  year      = {2012},
  address   = {Mumbai, India},
  publisher = {The COLING 2012 Organizing Committee},
  pages     = {1081--1090},
  url       = {http://www.aclweb.org/anthology/C12-2105}
}

@InProceedings{petrov-EtAl:2010:EMNLP,
  author    = {Petrov, Slav  and  Chang, Pi-Chuan  and  Ringgaard, Michael  and  Alshawi, Hiyan},
  title     = {Uptraining for Accurate Deterministic Question Parsing},
  booktitle = {Proceedings of the 2010 Conference on Empirical Methods in Natural Language Processing},
  month     = {October},
  year      = {2010},
  address   = {Cambridge, MA},
  publisher = {Association for Computational Linguistics},
  pages     = {705--713},
  url       = {http://www.aclweb.org/anthology/D10-1069}
}

@book{ekiss:2002,
 author = {\'E. Kiss, Katalin},
 title = {The Syntax of Hungarian},
 year = {2002},
 publisher = {Cambridge University Press},
 address = {Cambridge}
}

@InProceedings{basque,
  author    = {Aduriz, Itziar and Aranzabe, Maria Jesus and Arriola, Jose Maria and  Atutxa, Aitziber and Diaz de Ilarraza, A. and Garmendia, Aitzpea and Oronoz, Maite},
  title     = {{Construction of a Basque dependency treebank}},
  booktitle = {Proceedings of the 2nd Workshop on Treebanks and Linguistic Theories (TLT)},
  year      = {2003},
  address   = {V\"axj\"o, Sweden},
  pages     = {201--204}
}

@InProceedings{petrov:2010:NAACLHLT,
  author    = {Petrov, Slav},
  title     = {Products of Random Latent Variable Grammars},
  booktitle = {Human Language Technologies: The 2010 Annual Conference of the North American Chapter of the Association for Computational Linguistics},
  month     = {June},
  year      = {2010},
  address   = {Los Angeles, California},
  publisher = {Association for Computational Linguistics},
  pages     = {19--27},
  url       = {http://www.aclweb.org/anthology/N10-1003}
}

@InProceedings{farkas-bohnet:2012:PAPERS,
  author    = {Farkas, Rich{\'a}rd  and  Bohnet, Bernd},
  title     = {Stacking of Dependency and Phrase Structure Parsers},
  booktitle = {Proceedings of COLING 2012},
  month     = {December},
  year      = {2012},
  address   = {Mumbai, India},
  publisher = {The COLING 2012 Organizing Committee},
  pages     = {849--866},
  url       = {http://www.aclweb.org/anthology/C12-1052}
}

@misc{petrov-mcdonald:2012:SANCL,
  author  = {Slav Petrov and Ryan McDonald},
  title   = {Overview of the 2012 Shared Task on Parsing the Web},
  year    = {2012},
  howpublished = {Notes of the First Workshop on Syntactic Analysis of Non-Canonical Language {(SANCL)}},
}

@misc{pitler,
  author  = {Emily Pitler},
  title   = {Conjunction Representation and Ease of Domain Adaptation},
  year    = {2012},
  howpublished = {Notes of the First Workshop on Syntactic Analysis of Non-Canonical Language {(SANCL)}},
}

@InProceedings{simko-EtAl:2014:Coling,
  author    = {Simk\'{o}, Katalin Ilona  and  Vincze, Veronika  and  Sz\'{a}nt\'{o}, {\relax Zs}olt  and  Farkas, Rich\'{a}rd},
  title     = {{An Empirical Evaluation of Automatic Conversion from Constituency to Dependency in Hungarian}},
  booktitle = {Proceedings of COLING 2014, the 25th International Conference on Computational Linguistics: Technical Papers},
  month     = {August},
  year      = {2014},
  address   = {Dublin, Ireland},
  publisher = {Dublin City University and Association for Computational Linguistics},
  pages     = {1392--1401},
  url       = {http://www.aclweb.org/anthology/C14-1132}
}

@incollection{NivreTAU15,
  title = {{Towards a Universal Grammar for Natural Language Processing}},
  booktitle = {Computational Linguistics and Intelligent Text Processing},
  publisher = {Springer},
  year = {2015},
  pages = {3--16},
  author = {Nivre, Joakim},
  editor = {Alexander Gelbukh},
  url = {http://stp.lingfil.uu.se/~nivre/docs/nivre15cicling.pdf},
  note = {}
}

@InProceedings{seddah-kubler-tsarfaty:2014:SPMRL-SANCL,
  author    = {Seddah, Djam\'{e}  and  K\"{u}bler, Sandra  and  Tsarfaty, Reut},
  title     = {{Introducing the SPMRL 2014 Shared Task on Parsing Morphologically-rich Languages}},
  booktitle = {Proceedings of the First Joint Workshop on Statistical Parsing of Morphologically Rich Languages and Syntactic Analysis of Non-Canonical Languages},
  month     = {August},
  year      = {2014},
  address   = {Dublin, Ireland},
  publisher = {Dublin City University},
  pages     = {103--109},
  url       = {http://www.aclweb.org/anthology/W14-6111}
}

@inproceedings{VINCZE14.262.L14-1241,
    author = {Veronika Vincze and Viktor Varga and Katalin Ilona Simk{\'o} and J{\'a}nos Zsibrita and {\'A}goston Nagy and Rich{\'a}rd Farkas and J{\'a}nos Csirik},
    url = {http://www.lrec-conf.org/proceedings/lrec2014/pdf/262_Paper.pdf},
    note = {ACL Anthology Identifier: L14-1241},
    title = {{Szeged Corpus 2.5: Morphological Modifications in a Manually POS-tagged Hungarian Corpus}},
    booktitle = {Proceedings of LREC 2014},
    year = {2014},
    month = {May},
    date = {26-31},
    address = {Reykjavik, Iceland},
    publisher = {ELRA},
    isbn = {978-2-9517408-8-4},
    language = {english},
    pages = {1074--1078}
    }
		
		@techreport{stanford:dep,
  author  = {de Marneffe, Marie-Catherine and Manning, Christopher D.},
  title   = {Stanford Dependencies Manual},
  year    = {2008},
  institution = {Stanford University}
}

@InProceedings{ZEMAN08.66,
  author = {Daniel Zeman},
  title = {Reusable Tagset Conversion Using Tagset Drivers},
  booktitle = {Proceedings of the Sixth International Conference on Language Resources and Evaluation (LREC'08)},
  year = {2008},
  month = {may},
  date = {28-30},
  address = {Marrakech, Morocco},
  editor = {Nicoletta Calzolari and Khalid Choukri and Bente Maegaard and Joseph Mariani and Jan Odijk and Stelios Piperidis and Daniel Tapias},
  publisher = {European Language Resources Association (ELRA)},
  isbn = {2-9517408-4-0},
  note = {http://www.lrec-conf.org/proceedings/lrec2008/},
  language = {english}
  }
	
	@InProceedings{petrov-das-mcdonald:2012:LREC,
  author    = {Petrov, Slav and Das, Dipanjan and McDonald, Ryan},
  title     = {A Universal Part-of-Speech Tagset},
  booktitle = {Proceedings of LREC},
  month     = {May},
  year      = {2012},
}

@InProceedings{rambow:2006:LREC,
  author    = {Rambow, Owen and Dorr, Bonnie and Farwell, David and Green, Rebecca and Habash, Nizar and Helmreich, Stephen and Hovy, Eduard and Levin, Lori and Miller, Keith J. and Mitamura, Teruko and Reeder and Florence and Siddharthan, Advaith},
  title     = {Parallel Syntactic Annotation of Multiple Languages},
  booktitle = {Proceedings of LREC},
  month     = {May},
  year      = {2006},
}

@inproceedings{McDonaldCTE07,
  title = {Characterizing the Errors of Data-Driven Dependency Parsing Models},
  booktitle = {Proceedings of the 2007 Joint Conference on Empirical Methods in Natural Language Processing and Computational Natural Language Learning (EMNLP-CoNLL)},
  publisher = {},
  year = {2007},
  pages = {122--131},
  author = {McDonald, Ryan and Nivre, Joakim},
  editor = {},
  url = {http://www.aclweb.org/anthology/D/D07/D07-1013.pdf},
  note = {}
}
@inproceedings{NivreT207,
  title = {The {CoNLL} 2007 Shared Task on Dependency Parsing},
  booktitle = {Proceedings of the CoNLL Shared Task Session of EMNLP-CoNLL 2007},
  publisher = {},
  year = {2007},
  pages = {915--932},
  author = {Nivre, Joakim and Hall, Johan and K{\"u}bler, Sandra and McDonald, Ryan and Nilsson, Jens and Riedel, Sebastian and Yuret, Deniz},
  editor = {},
  url = {http://www.aclweb.org/anthology/D/D07/D07-1096.pdf},
  note = {}
}

@article{erjavec,
year={2012},
issn={1574-020X},
journal={Language Resources and Evaluation},
volume={46},
number={1},
doi={10.1007/s10579-011-9174-8},
title={{MULTEXT-East: morphosyntactic resources for Central and Eastern European languages}},
url={http://dx.doi.org/10.1007/s10579-011-9174-8},
publisher={Springer Netherlands},
keywords={Morphosyntactic annotation; Multilinguality; Language encoding standards},
author={Erjavec, Toma\v{z}},
pages={131-142},
language={English}
}

@book{melcuk,
   title = {Dependency in Linguistic Description},
   editor = {Polgu\`ere, Alain and Mel'\v{c}uk, Igor Aleksandrovi\v{c}},
   series = {Studies in language companion series},
   publisher = {Amsterdam Philadelphia, Pa. J. Benjamins},
   isbn = {978-90-272-0578-0},
   year = {2009}
}

@misc{nivre-vincze,
   title = {Light Verb Constructions in Universal Dependencies},
   author = {Nivre, Joakim and Vincze, Veronika},
   note = {Poster. PARSEME 5th General Meeting},
	address = {Ia\c{s}i, Románia},
   year = {2015}
}

@book{torkenczy,
  author  = {T\"orkenczy, Mikl\'os},
  title   = {{Practical Hungarian Grammar}},
  year    = {2005},
  publisher = {Corvina},
	address={Budapest}
}