# This file contains bib citations for article ___
# Use google scholar citation names (authoryeartitle), sort alphabetically
# Some conference proceedings can be crossrefed to key conferenceyear.
# Some software can be crossrefed to by name or nameyear.


@inproceedings{clifton2011combining,
 author = {Clifton, Ann and Sarkar, Anoop},
 title = {Combining Morpheme-based Machine Translation with Post-processing Morpheme Prediction},
 booktitle = {Proceedings of the 49th Annual Meeting of the Association for Computational Linguistics: Human Language Technologies - Volume 1},
 series = {HLT '11},
 year = {2011},
 isbn = {978-1-932432-87-9},
 location = {Portland, Oregon},
 pages = {32--42},
 numpages = {11},
 url = {http://dl.acm.org/citation.cfm?id=2002472.2002477},
 acmid = {2002477},
 publisher = {Association for Computational Linguistics},
 address = {Stroudsburg, PA, USA},
 flammie = {smt eng-fin},
}

@inproceedings{lo2011meant,
  title={MEANT: An inexpensive, high-accuracy, semi-automatic metric for evaluating translation utility via semantic frames},
  author={Lo, Chi-kiu and Wu, Dekai},
  booktitle={Proceedings of the 49th Annual Meeting of the Association for Computational Linguistics: Human Language Technologies-Volume 1},
  pages={220--229},
  year={2011},
  organization={Association for Computational Linguistics}
}

@inproceedings{luong2010hybrid,
 author = {Luong, Minh-Thang and Nakov, Preslav and Kan, Min-Yen},
 title = {A Hybrid Morpheme-word Representation for Machine Translation of Morphologically Rich Languages},
 booktitle = {Proceedings of the 2010 Conference on Empirical Methods in Natural Language Processing},
 series = {EMNLP '10},
 year = {2010},
 location = {Cambridge, Massachusetts},
 pages = {148--157},
 numpages = {10},
 url = {http://dl.acm.org/citation.cfm?id=1870658.1870673},
 acmid = {1870673},
 publisher = {Association for Computational Linguistics},
 address = {Stroudsburg, PA, USA},
 flammie= {smt, eng-fin},
}

@inproceedings{virpioja2007morphology,
    address = {Copenhagen, Denmark},
    author = {Sami Virpioja and Jaakko J. V{\"{a}}yrynen and Mathias Creutz and Markus Sadeniemi},
    booktitle = {Proceedings of the Machine Translation Summit XI},
    month = {September},
    pages = {491--498},
    title = {Morphology-Aware Statistical Machine Translation Based on Morphs Induced in an Unsupervised Manner},
    year = {2007},
}

