@article{mihov2004fast,
  title={Fast approximate search in large dictionaries},
  author={Mihov, Stoyan and Schulz, Klaus U},
  journal={Computational Linguistics},
  volume={30},
  number={4},
  pages={451--477},
  year={2004},
  publisher={MIT Press}
}

@article{pedersen2008empiricism,
  title={Empiricism is not a matter of faith},
  author={Pedersen, Ted},
  journal={Computational Linguistics},
  volume={34},
  number={3},
  pages={465--470},
  year={2008},
  publisher={MIT Press}
}

@inproceedings{hulden2009foma,
  title={Foma: a finite-state compiler and library},
  author={Måns Huldén},
  booktitle={Proceedings of the 12th Conference of the European Chapter of the Association for Computational Linguistics: Demonstrations Session},
  pages={29--32},
  year={2009},
  organization={Association for Computational Linguistics}
}

@book{jurafsky2000speech,
  title={Speech and language processing: An introduction to natural language processing, computational linguistics, and speech recognition},
  author={Jurafsky, D. and Martin, J.H.},
  year={2000},
  publisher={Prentice Hall New Jersey}
}

@article{pirinen2010creating,
  title={Creating and Weighting {H}unspell Dictionaries as Finite-State Automata},
  author={Tommi A Pirinen and Krister Lindén},
  journal={Investigationes Linguisticae},
  volume={21},
  year={2010}
}
@article{pirinen2012compiling,
  title={Compiling Apertium morphological dictionaries with {H}{F}{S}{T} and using them in {H}{F}{S}{T} applications},
  author={Tommi A Pirinen and Francis M. Tyers},
  journal={Language Technology for Normalisation of Less-Resourced Languages},
  pages={25},
  year={2012}
}

@article{schmid2006programming,
  title={A programming language for finite state transducers},
  author={Helmut Schmid},
  journal={Lecture notes in computer science},
  volume={4002},
  pages={308},
  year={2006},
  publisher={Citeseer}
}
@article{schiller2006german,
  title={German compound analysis with wfsc},
  author={Anne Schiller},
  journal={Finite-State Methods and Natural Language Processing},
  pages={239--246},
  year={2006},
  publisher={Springer}
}

@book{manning1999foundations,
  title={Foundations of statistical natural language processing},
  author={Christopher D. Manning and Hindrich Sch{\"u}tze},
  volume={999},
  year={1999},
  publisher={MIT Press}
}

@inproceedings{beesley2012kleene,
    title = {Kleene, A Free and Open-Source Language for Finite-State Programming},
    author = {Kenneth R. Beesley},
    year = {2012},
    booktitle = {FSMNLP 2012},
    editor = {},
    title = {Pre-proceedings of the 10th International Workshop on Finite State Methods and Natural Language Processing FSMNLP},
    year = {2012},
    month = {July 23--25},
    location = {Donostia-San Sebasti\'{a}n, Spain},
    publisher = {University of the Basque Country},
    pages = {55-59}
}

@inproceedings{pirinen2012effects,
    title = {Effects of Weighted Finite-State Language and Error Models on
        Speed and Efficiency of Finite-State Spell-Checking},
    author = {Tommi A Pirinen and Sam Hardwick},
    year = {2012},
    booktitle = {FSMNLP 2012},
    editor = {},
    title = {Pre-proceedings of the 10th International Workshop on Finite State Methods and Natural Language Processing FSMNLP},
    year = {2012},
    month = {July 23--25},
    location = {Donostia-San Sebasti\'{a}n, Spain},
    publisher = {University of the Basque Country},
    pages = {6--14}
}
@article{ristad1998learning,
  title={Learning string-edit distance},
  author={Ristad, E.S. and Yianilos, P.N.},
  journal={Pattern Analysis and Machine Intelligence, IEEE Transactions on},
  volume={20},
  number={5},
  pages={522--532},
  year={1998},
  publisher={IEEE}
}

@article{chen1999empirical,
  title={An empirical study of smoothing techniques for language modeling},
  author={Chen, S.F. and Goodman, J.},
  journal={Computer Speech \& Language},
  volume={13},
  number={4},
  pages={359--393},
  year={1999},
  publisher={Elsevier}
}

@article{philips2000double,
  title={The double metaphone search algorithm},
  author={Philips, L.},
  journal={C/C++ Users Journal},
  volume={18},
  number={6},
  pages={38--43},
  year={2000},
  publisher={CMP Media LLC}
}

@article{philips1990hanging,
  title={Hanging on the metaphone},
  author={Philips, L.},
  journal={Computer Language},
  volume={7},
  number={12},
  year={1990}
}

@article{russell1918soundex,
  title={Soundex},
  author={Russell, R. and Odell, M.},
  journal={US Patent},
  volume={1261167},
  year={1918}
}

@book{aho2007compilers,
  title={Compilers: principles, techniques, and tools},
  author={Alfred V. Aho and Monica S. Lam and Rajiv Sethi and Jeffrey D. Ullman},
  volume={1009},
  year={2007},
  publisher={Pearson/Addison Wesley}
}
@article{mohri2009weighted,
  title={Weighted automata algorithms},
  author={Mehryar Mohri},
  journal={Handbook of weighted automata},
  pages={213--254},
  year={2009},
  publisher={Springer}
}

@inproceedings{brants2007large,
  title={Large language models in machine translation},
  author={Brants, T. and Popat, A.C. and Xu, P. and Och, F.J. and Dean, J.},
  booktitle={EMNLP},
  year={2007},
}

@article{watson2003new,
  title={A new algorithm for the construction of minimal acyclic {D}{F}{A}s},
  author={Bruce W. Watson},
  journal={Science of Computer Programming},
  volume={48},
  number={2},
  pages={81--97},
  year={2003},
  publisher={Elsevier}
}

@article{deorowicz2005correcting,
  title={Correcting spelling errors by modelling their causes},
  author={Deorowicz, S. and Ciura, M.G.},
  journal={International journal of applied mathematics and computer science},
  volume={15},
  number={2},
  pages={275},
  year={2005},
  publisher={UNIVERSITY OF ZIELONA GORA PRESS}
}

@inproceedings{beesley2004morphological,
  title={Morphological analysis and generation: A first step in natural language processing},
  author={Kenneth R. Beesley},
  booktitle={First Steps in Language Documentation for Minority Languages: Computational Linguistic Tools for Morphology, Lexicon and Corpus Compilation, Proceedings of the SALTMIL Workshop at LREC},
  pages={1--8},
  year={2004}
}

@techreport{pitkanen/2006,
    author = {Harri Pitk\"{a}nen},
    title = {Hunspell-in Kes\"{a}koodi 2006: Final report},
    year = {2006},
    url = {http://www.puimula.org/htp/archive/kesakoodi2006-report.pdf}
}


@misc{hunspell/manual,
    title = {Hunspell Manual},
    author = {L\'{a}szl\'{o} N\'{e}meth},
    year = {2011},
    howpublished = {Electronic Software Manual (manpage)}
}

@article{otero/2007,
  title={Contextual spelling correction},
  author={Otero, J. and Grana, J. and Vilares, M.},
  journal={Computer Aided Systems Theory--EUROCAST 2007},
  pages={290--296},
  year={2007},
  publisher={Springer}
}

@article{raviv/1967,
  title={Decision making in {M}arkov chains applied to the problem of pattern recognition},
  author={Raviv, J.},
  journal={Information Theory, IEEE Transactions on},
  volume={13},
  number={4},
  pages={536--551},
  year={1967},
  publisher={IEEE}
}

@article{shannon/1948,
  title={A mathematical theory of communications, I and II},
  author={Shannon, C.E.},
  journal={Bell Syst. Tech. J},
  volume={27},
  pages={379--423},
  year={1948}
}


@conference{pirinen2012improving,
    title = {Improving Finite-State Spell-Checker Suggestions with Part of Speech N-Grams},
    author = {Tommi A Pirinen and Miikka Silfverberg and Krister Lind\'{e}n},
    year = {2012},
    location = {Delhi, India}
}

@mastersthesis{bhagat2007spelling,
    author = {Meenu Bhagat},
    title = {Spelling Error Pattern Analysis of Punjabi Typed Text},
    school = {Thapar University},
    location = {Patiala, India},
    year = {2007},
    pages = {48},
    url = {http://hdl.handle.net/123456789/247}
}

@article{Mitton/1987,
 author = {Roger Mitton},
 title = {Spelling checkers, spelling correctors and the misspellings of poor spellers},
 journal = {Inf. Process. Manage.},
 issue_date = {Sept. 1987},
 volume = {23},
 number = {5},
 month = sep,
 year = {1987},
 issn = {0306-4573},
 pages = {495--505},
 numpages = {11},
 url = {http://dx.doi.org/10.1016/0306-4573(87)90116-6},
 doi = {10.1016/0306-4573(87)90116-6},
 acmid = {33067},
 publisher = {Pergamon Press, Inc.},
 address = {Tarrytown, NY, USA}
}

@article{kukich1992deaf,
 author = {Karen Kukich},
 title = {Spelling correction for the telecommunications network for the deaf},
 journal = {Commun. ACM},
 issue_date = {May 1992},
 volume = {35},
 number = {5},
 month = may,
 year = {1992},
 issn = {0001-0782},
 pages = {80--90},
 numpages = {11},
 url = {http://doi.acm.org/10.1145/129875.129882},
 doi = {10.1145/129875.129882},
 acmid = {129882},
 publisher = {ACM},
 address = {New York, NY, USA},
 keywords = {spelling correction, telecommunications network for the deaf, text-to-speech synthesis}
}

@article{Pollock/1984,
 author = {Joseph J. Pollock and Antonio Zamora},
 title = {Automatic spelling correction in scientific and scholarly text},
 journal = {Commun. ACM},
 issue_date = {April 1984},
 volume = {27},
 number = {4},
 month = apr,
 year = {1984},
 issn = {0001-0782},
 pages = {358--368},
 numpages = {11},
 url = {http://doi.acm.org/10.1145/358027.358048},
 doi = {10.1145/358027.358048},
 acmid = {358048},
 publisher = {ACM},
 address = {New York, NY, USA},
 keywords = {dictionary lookup, similarity keys, spelling correction},
} 

@article{Yannakoudakis/1983,
    title={An intelligent spelling error corrector},
    volume={19},
    url={http://linkinghub.elsevier.com/retrieve/pii/0306457383900468},
    number={2},
    journal={Information Processing and Management},
    publisher={Elsevier},
    author={Yannakoudakis, E J and Fawthrop, D},
    year={1983},
    pages={101--108}
}

@inproceedings{pirinen/2011/nodalida,
    author = {Tommi A Pirinen},
    year = {2011},
    title = {Modularisation of {F}innish Finite-State Language Description—Towards Wide Collaboration in Open Source Development of Morphological Analyser},
    booktitle = { Proceedings of Nodalida},
   volume = {18},
   series = {NEALT proceedings},
   url = {http://www.helsinki.fi/\%7etapirine/publications/Pirinen-nodalida-2011-omorfi.pdf}
}

@mastersthesis{mitankin/2005,
 author = {Petar Nikolaev Mitankin},
 year = {2005},
 title = {Universal Levenshtein Automata. Building and Properties},
 school = {University of Sofia},
 url = {http://www.fmi.uni-sofia.bg/fmi/logic/theses/mitankin-en.pdf}
}

@inproceedings{hassan/2008,
    author = {Ahmed Hassan and Sara Noeman and Hany Hassan},
    title = {Language Independent Text Correction using Finite State Automata},
    year = {2008},
    booktitle = {Proceedings of the Third International Joint Conference on Natural Language Processing},
    volume = {2},
    location = {Hyderabad, India},
    pages = {913--918}
}

@Article{apertium2010,
  author = 	 {Mikel L. Forcada and Mireia Ginestí i Rosell and Jacob Nordfalk and Jim O'Regan and Sergio Ortiz-Rojas and Juan Antonio Pérez-Ortiz and Gema Ramírez-Sánchez and Felipe Sánchez-Martínez and Francis M. Tyers},
  title = 	 {Apertium: a free/open-source platform for rule-based machine translation platform},
  journal = 	 {Machine Translation},
  year = 	 2010,
}

@incollection{Ruch/2001,
   author = {Ruch, Patrick and Baud, Robert and Geissbühler, Antoine and Lovis, Christian and Rassinoux, Anne-Marie and Rivière, Alain},
   affiliation = {University Hospital of Geneva Medical Informatics Division Geneva},
   title = {Using Part-of-Speech and Word-Sense Disambiguation for Boosting String-Edit Distance Spelling Correction},
   booktitle = {Artificial Intelligence in Medicine},
   series = {Lecture Notes in Computer Science},
   editor = {Quaglini, Silvana and Barahona, Pedro and Andreassen, Steen},
   publisher = {Springer Berlin / Heidelberg},
   pages = {249-257},
   volume = {2101},
   url = {http://dx.doi.org/10.1007/3-540-48229-6_36},
   note = {10.1007/3-540-48229-6_36},
   year = {2001}
}

@inproceedings{Golding/1996,
 author = {Golding, Andrew R. and Schabes, Yves},
 title = {Combining Trigram-based and feature-based methods for context-sensitive spelling correction},
 booktitle = {Proceedings of the 34th annual meeting on Association for Computational Linguistics},
 year = {1996},
 location = {Santa Cruz, California},
 pages = {71--78},
 numpages = {8},
 url = {http://dx.doi.org/10.3115/981863.981873},
 doi = {http://dx.doi.org/10.3115/981863.981873},
 acmid = {981873},
 publisher = {Association for Computational Linguistics},
 address = {Morristown, NJ, USA},
} 

@article{wintner/2008,
 author = {Shuly Wintner},
 title = {Strengths and weaknesses of finite-state technology: A case study in morphological grammar development},
 journal = {Nat. Lang. Eng.},
 volume = {14},
 issue = {4},
 month = {October},
 year = {2008},
 issn = {1351-3249},
 pages = {457--469},
 numpages = {13},
 url = {http://portal.acm.org/citation.cfm?id=1520025.1520027},
 doi = {10.1017/S1351324907004676},
 acmid = {1520027},
 publisher = {Cambridge University Press},
 address = {New York, NY, USA},
} 


@MISC{garrido-alenda/2002,
	author = {A Garrido-Alenda and M L Forcada and R C Carrasco},
	title = {Incremental construction and maintenance of morphological analysers based on augmented letter transducers},
	year = {2002}
}

@article{oflazer/1996,
 author = {Kemal Oflazer},
 title = {Error-tolerant finite-state recognition with applications to morphological analysis and spelling correction},
 journal = {Comput. Linguist.},
 volume = {22},
 number = {1},
 year = {1996},
 issn = {0891-2017},
 pages = {73--89},
 publisher = {MIT Press},
 address = {Cambridge, MA, USA}
}

@article{mitton/2009,
 author = {Roger Mitton},
 title = {Ordering the suggestions of a spellchecker without using context*},
 journal = {Nat. Lang. Eng.},
 volume = {15},
 number = {2},
 year = {2009},
 issn = {1351-3249},
 pages = {173--192},
 doi = {http://dx.doi.org/10.1017/S1351324908004804},
 publisher = {Cambridge University Press},
 address = {New York, NY, USA}
}


@mastersthesis{pirinen/2008,
title = {Suomen kielen \"{a}\"{a}rellistilainen automaattinen morfologinen analyysi avoimen l\"{a}hdekoodin menetelmin},
year = {2008},
author = {Tommi Pirinen},
school = {Helsingin yliopisto},
url = {http://www.helsinki.fi/\%7Etapirine/gradu/}
}

@mastersthesis{pirinen/2008/en,
title = {Automatic Finite State Morphological Analysis of {F}innish Language Using Open Source Resources (in {F}innish)},
year = {2008},
author = {Tommi Pirinen},
school = {University of Helsinki},
url = {http://www.helsinki.fi/\%7Etapirine/gradu/}
}

@article{kukich1992techniques,
 author = {Karen Kukich},
 title = {Techniques for automatically correcting words in text},
 journal = {ACM Comput. Surv.},
 volume = {24},
 number = {4},
 year = {1992},
 issn = {0360-0300},
 pages = {377--439},
 doi = {http://doi.acm.org/10.1145/146370.146380},
 publisher = {ACM},
 address = {New York, NY, USA}
}

@inproceedings{agata/2002,
 author = {Agata Savary},
 title = {Typographical Nearest-Neighbor Search in a Finite-State Lexicon and Its Application to Spelling Correction},
 booktitle = {CIAA '01: Revised Papers from the 6th International Conference on Implementation and Application of Automata},
 year = {2002},
 pages = {251--260},
 publisher = {Springer-Verlag},
 address = {London, UK}
}

@phdthesis{bigert/2005,
  author = {Johnny Bigert},
  year = {2005},
  title =  {Automatic and unsupervised methods in natural language processing},
  school = {Royal institute of technolog (KTH)}
}

@article{hulden/2009,
    author = {M{\aa}ns Huld{\'e}n},
    year = {2009},
    title = {Fast approximate string matching with finite automata},
    journal = {Procesamiento del Lenguaje Natural},
    volume = {43},
    pages = {57--64}
}

@ARTICLE{schulz/2002,
    author = {Klaus Schulz and Stoyan Mihov},
    title = {Fast String Correction with Levenshtein-Automata},
    journal = {International Journal of Document Analysis and Recognition},
    year = {2002},
    volume = {5},
    pages = {67--85}
}

@inproceedings{conf/nodalida/bigert2003,
    author = {Johnny Bigert and Linus Ericson and Antoine Solis},
    title = {AutoEval and Missplel: Two Generic Tools for Automatic Evaluation},
    address =   {Reykjavik, Iceland},
    booktitle = {Nodalida '03},
    year      = {2003}
}


@ARTICLE{damerau/1964,
	author = {F J Damerau},
	title = {A technique for computer detection and correction of spelling errors},
	journal = {Commun. ACM},
	year = {1964},
	number = {7}
}


@article{levenshtein/1965,
  author = {В.И. Левенштейн},
 year = {1965},
 title = {Двоичные коды с исправлением выпадений, вставок и замещений символов},
 journal = {Доклады Академий Наук СCCP},
 volume = {163},
 number = {4},
 pages = {845–8}
}

@article{levenshtein/1966,
	author = {V. I. Levenshtein},
	title = {Binary codes capable of correcting deletions, insertions, and reversals},
	journal = {Soviet Physics---Doklady 10, 707–710. Translated from Doklady Akademii Nauk SSSR},
	year = {1966},
	pages = {845--848}
}

@inproceedings{max2010mining,
  title={Mining naturally-occurring corrections and paraphrases from wikipedia’s
 revision history},
  author={Max, A. and Wisniewski, G.},
  booktitle={Proceedings of LREC},
  year={2010}
}

@inproceedings{hirst2008evaluation,
  title={An evaluation of the contextual spelling checker of {M}icrosoft {O}ffice {W}ord 2007},
  author={Hirst, G.},
  year={2008},
  month={January},
  booktitle = {CICLing},
  editor    = {Alexander F. Gelbukh},
  booktitle = {CICLing},
  publisher = {Springer},
  series    = {Lecture Notes in Computer Science},
  volume    = {4919},
  year      = {2008},
  bibsource = {DBLP, http://dblp.uni-trier.de}
}

@inproceedings{wilcoxohearn2008realword,
  author    = {L. Amber Wilcox-O'Hearn and
               Graeme Hirst and
               Alexander Budanitsky},
  title     = {Real-Word Spelling Correction with Trigrams: A Reconsideration
               of the {M}ays, {D}amerau, and {M}ercer Model},
  booktitle = {CICLing},
  year      = {2008},
  pages     = {605-616},
  editor    = {Alexander F. Gelbukh},
  publisher = {Springer},
  series    = {Lecture Notes in Computer Science},
  volume    = {4919},
  year      = {2008},
  bibsource = {DBLP, http://dblp.uni-trier.de},
  ee        = {http://dx.doi.org/10.1007/978-3-540-78135-6_52},
}

@article{DBLP:journals/coling/Oflazer96,
  author    = {Kemal Oflazer},
  title     = {Error-tolerant Finite-state Recognition with Applications
               to Morphological Analysis and Spelling Correction},
  journal   = {Computational Linguistics},
  volume    = {22},
  number    = {1},
  year      = {1996},
  pages     = {73-89},
  bibsource = {DBLP, http://dblp.uni-trier.de}
}

@inproceedings{linden/2009/fsmnlp,
	title     = {Weighting Finite-State Morphological Analyzers using {H}{F}{S}{T} tools},
	author    = {Krister Lind{\'e}n and Tommi Pirinen},
	year      = {2009},
	booktitle = {FSMNLP 2009},
	url       = {http://www.ling.helsinki.fi/~klinden/pubs/fsmnlp2009weighting.pdf},
  editor    = {Bruce Watson and Derrick Courie and Loek Cleophas and Pierre Rautenbach},
howpublished={Handout CD-ROM containing the accompanying papers for the presentations during the FSMNLP 2009 workshop.  Published by the University of Pretoria, Pretoria, South Africa.},
  month={13 July},
  booktitle = {FSMNLP 2009},
  publisher = {},
  series    = {},
  volume    = {},
}

@inproceedings{conf/fsmnlp/Silfverberg2009,
	title     = {{H}{F}{S}{T} Runtime Format---A Compacted Transducer Format Allowing for Fast Lookup},
	author    = {Miikka Silfverberg and Krister Lind\'{e}n},
	year      = {2009},
	booktitle = {FSMNLP 2009},
	url       = {http://www.ling.helsinki.fi/~klinden/pubs/fsmnlp2009runtime.pdf},
  editor    = {Bruce Watson and Derrick Courie and Loek Cleophas and Pierre Rautenbach},
howpublished={Handout CD-ROM containing the accompanying papers for the presentations during the FSMNLP 2009 workshop.  Published by the University of Pretoria, Pretoria, South Africa.},
  month={13 July},
  booktitle = {FSMNLP 2009},
  publisher = {},
  series    = {},
  volume    = {},
}


@inproceedings{pirinen/2009/nodalida,
	title     = {Weighted Finite-State Morphological Analysis of {F}innish Compounds},
	author    = {Krister Lind{\'e}n and Tommi Pirinen},
	year      = {2009},
	booktitle = {Nodalida 2009},
	url       = {http://www.ling.helsinki.fi/~klinden/pubs/linden09dnodalida.pdf},
  editor    = {Kristiina Jokinen and Eckhard Bick},
  booktitle = {NODALIDA 2009},
  publisher = {},
  series    = {NEALT Proceedings},
  volume    = {4},
  year      = {2009},
}

@inproceedings{conf/sfcm/Linden2009,
	title = {{H}{F}{S}{T} Tools for Morphology---An Efficient Open-Source Package for Construction of Morphological Analyzers},
	author = {Krister Lind\'{e}n and Miikka Silfverberg and Tommi Pirinen},
	year = {2009},
	booktitle = {sfcm 2009},
	pages = {28---47},
	uri = {http://www.ling.helsinki.fi/~klinden/pubs/sfcm09hfst.pdf},
  editor    = {Cerstin Mahlow and Michael Piotrowski},
  booktitle = {State of the Art in Computational Morphology},
  publisher = {Springer},
  series    = {Lecture Notes in Computer Science},
  volume    = {41},
}


@phdthesis{phd/hut/Siivola2007,
	title = {Language Models for Automatic Speech Recognition: Construction and Complexity Control},
	year = {2007},
	author = {Vesa Siivola},
	school = {Helsinki University of Technology},
	publisher = {Otamedia},
	uri = {http://lib.hut.fi/Diss/2007/isbn9789512288946}
}

@book{beesley2003finite,
    title = {Finite State Morphology},
    year = {2003},
    author = {Kenneth R Beesley and Lauri Karttunen},
    pages = {503},
    publisher = {CSLI publications},
}

@inproceedings{brill2000improved,
 author = {Brill, Eric and Moore, Robert C.},
 title = {An improved error model for noisy channel spelling correction},
 booktitle = {ACL '00: Proceedings of the 38th Annual Meeting on Association for Computational Linguistics},
 year = {2000},
 pages = {286--293},
 location = {Hong Kong},
 doi = {http://dx.doi.org/10.3115/1075218.1075255},
 publisher = {Association for Computational Linguistics},
 address = {Morristown, NJ, USA}
}

@article{mays/1991,
 author = {Mays, Eric and Damerau, Fred J. and Mercer, Robert L.},
 title = {Context based spelling correction},
 journal = {Inf. Process. Manage.},
 volume = {27},
 number = {5},
 year = {1991},
 issn = {0306-4573},
 pages = {517--522},
 doi = {http://dx.doi.org/10.1016/0306-4573(91)90066-U},
 publisher = {Pergamon Press, Inc.},
 address = {Tarrytown, NY, USA}
}

@misc{norvig/2010,
    author = {Peter Norvig},
    title = {How To Write a Spelling Corrector},
    howpublished = {referred 2011-01-11, available \url{http://norvig.com/spell-correct.html}},
    year = {2010},
    url = {http://norvig.com/spell-correct.html}
}

@ARTICLE{deorowicz/2005,
    author = {Sebastian Deorowicz and Marcin G. Ciura},
    title = {Correcting Spelling Errors by Modeling their Causes},
    journal = {International Journal of Applied Mathematics and Computer Science},
    year = {2005},
    volume = {15},
    pages = {275--285}
}

@inproceedings{openfst/2007,
    author = {Cyril Allauzen and Michael Riley and Johan Schalkwyk and Wojciech Skut and and Mehryar Mohri},
    year = {2007},
    title = {Open{F}st: A General and Efficient Weighted Finite-State Transducer Library},
    pages = {11--23},
  volume = {4783},
  booktitle = {Lecture Notes in Computer Science},
  publisher = {Springer},
  year = {2007},
  url = {http://www.openfst.org}
}

@inproceedings{creutz/2005,
 author = {Mathias Creutz and Krista Lagus and Krister Lind{\'e}n and Sami Virpioja},
 year = {2005},
 title = {Morfessor and {H}utmegs: Unsupervised Morpheme Segmentation for Highly-Inflecting and Compounding Languages},
 booktitle = {Proceedings of the Second Baltic Conference on Human Language Technologies}
}

@misc{visk,
  author = {Auli Hakulinen and Maria Vilkuna and Riitta Korhonen and Vesa Koivisto and Tarja~Riitta Heinonen and Irja Alho},
  year = {2008},
  title = {Iso suomen kielioppi},
  publisher = {Suomalaisen Kirjallisuuden Seura},
  note = {referred on 2011-01-15, available from \url{http://kaino.kotus.fi/visk}}

}

@techreport{marek/2006,
 author = {Torsten Marek},
 year = {2006},
 title = {Analysis of German Compounds using Weighted Finite State Transducers},
 publisher = {Eberhard-Karls-Universität Tübingen}
}

@inproceedings{schiller/2005,
    author = {Anne Schiller},
    year = {2005},
    title = {German Compound Analysis with wfsc},
   booktitle = {Proceedings of FSMNLP 2005},
    pages = {239--246}
}

@inproceedings{sjobergh/2004,
    author = {Jonas Sjöbergh and Viggo Kann},
    year = {2004},
    title = {Finding the Correct Interpretation of {{S}wedish} Compounds -- a Statistical Approach},
    booktitle = {Proceedings of {LREC}-2004},
    location = {Lisbon, Portugal},
    pages = {899--902}
}

@misc{kotus/2007,
    author = {{Kotimaisten kielten tutkimuskeskus}},
    title = {Nykysuomen sanalista},
    howpublished = {Available: \url{http://kaino.kotus.fi/}},
    year = {2007}
}

@article{hedlund/2002,
	author = {A Pirkola and T Hedlund and H Keskustalo},
	title = {Dictionary-based cross-language information retrieval: problems, methods and research findings},
	journal = {Inf. Retrieval},
	year = {2001},
	number = {4},
	pages = {209--230}
}

@misc{mohri/2002,
	author = {Mehryar Mohri and Michael Riley},
	title = {An efficient algorithm for the n-best-strings problem},
	year = {2002}
}

@article{mohri/1997,
	author = {Mehryar Mohri},
	title = {Finite-state transducers in language and speech processing},
	journal = {Comp. Linguistics},
	year = {1997},
	number = {23},
	pages = {269--311}
}

@inproceedings{karlsson1992swetwol,
	author = {Fred Karlsson},
	title = {SWETWOL: A Comprehensive Morphological Analyser for {S}wedish---in {N}ordic Journal of Linguistics, 15},
	booktitle = {Machines in Language Translation---Xerox PARC Working Paper, reprinted in Machine Translation},
	year = {1992},
	pages = {3--23}
}

@InProceedings{conf/lrec/Pirinen2010,
  author = {Tommi A Pirinen and Krister Lind\'{e}n},
  title = {Finite-State Spell-Checking with Weighted Language and Error Models},
  booktitle = {Proceedings of the Seventh SaLTMiL workshop on creation and use of basic lexical resources for less-resourced languagages},
  year = {2010},
  address = {Valletta, Malta},
  pages = {13--18},
  url = {http://siuc01.si.ehu.es/~jipsagak/SALTMIL2010_Proceedings.pdf}
}

@phdthesis{liang/1983,
	author = {Franklin Mark Liang},
	title = {Word hy-phen-a-tion by com-pu-ter},
	school = {Stanford University},
	year = {1983},
    url = {http://www.tug.org/docs/liang/}
}

@phdthesis{koskenniemi/1983,
    author = {Kimmo Koskenniemi},
    title = {Two-level Morphology: A General Computational Model for Word-Form Recognition and Production},
    school = {University of Helsinki},
    year = {1983},
    url = {http://www.ling.helsinki.fi/~koskenni/doc/Two-LevelMorphology.pdf}
}

@Book{knuth/1986,
 author = {Donald Knuth},
 title = {The \TeX{} book},
 publisher = {Oxford University Press},
 year = {1986},
 address = {Oxford Oxfordshire},
}



@inproceedings{beesley/1998,
 author = {Kenneth R. Beesley},
 title = {Constraining separated morphotactic dependencies in finite-state grammars},
 year = {1998},
 pages = {118--127},
 location = {Ankara, Turkey},
 publisher = {Association for Computational Linguistics},
 address = {Morristown, NJ, USA}
}

@inproceedings{pirinen/2010/cla,
  author = {Tommi A Pirinen and Krister Lind\'{e}n},
  title = {Building and Using Existing Hunspell Dictionaries and {\TeX\ } Hyphenators as Finite-State Automata},
  booktitle = {Proceedings of Computational Linguistics - Applications, 2010},
  year = {2010},
  address = {Wis{\l}a, Poland},
  pages = {25---32},
  url = {http://www.helsinki.fi/\%7Etapirine/publications/Pirinen-cla-2010.pdf}
}

@inproceedings{hfst/2012/cla,
  author = {Krister Lind\'{e}n and Erik Axelson and Senka Drobac and Sam Hardwick and Miikka Silfverberg and Tommi A Pirinen},
  title = {Using {H}{F}{S}{T} for Creating Computational Linguistic Applications},
  booktitle = {Proceedings of Computational Linguistics - Applications, 2012},
  year = {2012}
}

@InProceedings{pirinen/2010/lrec,
 author = {Tommi A Pirinen and Krister Lind\'{e}n},
 title = {Finite-State Spell-Checking with Weighted Language and Error Models},
 booktitle = {Proceedings of the Seventh SaLTMiL workshop on creation and use of basic lexical resources for less-resourced languagages},
 year = {2010},
 address = {Valletta, Malta},
 pages = {13--18},
 url = {http://siuc01.si.ehu.es/\%7Ejipsagak/SALTMIL2010_Proceedings.pdf}
}

@article{church1991probability,
    author = {Kenneth W. Church and William A. Gale},
    year= {1991},
    title= {Probability scoring for spelling correction},
    journal={Statistics and Computing},
    volume={1},
    pages= {93–103}
}

@inproceedings{silfverberg/2010,
    author = {Miikka Silfverberg and Krister Lind\'{e}n},
    year = {2010},
    title = {Part-of-Speech Tagging Using Parallel Weighted Finite-State Transducers},
    booktitle = {Advances in Natural Language Processing --- Proceedings of the 7th International Conference on NLP, IceTAL 2010},
    address = {Reykjavik, Iceland},
    pages = {369--381},
    editor={Hrafn Loftsson and Eiríkur Rögnvaldsson and Sigrún Helgadóttir},
    volume = {6233},
}

@inproceedings{maxwell/2008,
    title = {Joint Grammar Development by Linguists and Computer Scientists},
    author = {Michael Maxwell and Anne David},
    year = {2008},
    booktitle = {Workshop on NLP for Less Privileged Languages, Third International Joint Conference on Natural Language Processing},
    address = {Hyderabad, India}
}

@misc{kurola/2010,
    title = {Työpaikkailmoitusten sisällön ja osaamisvaatimusten käsittely},
    author = {Joel Kurola},
    url = {http://urn.fi/URN:NBN:fi-fe201008242350},
    howpublished = {Bachelor's thesis (in {F}innish)},
    address = {Lappeenranta, Finland},
    school = {Lappeenranta University of Technology},
    year = {2010}
}

@inproceedings{karlsson/1990,
 author = {Fred Karlsson},
 year = {1990},
title = {Constraint Grammar as a Framework for Parsing Unrestricted Text},
editor = {H. Karlgren},
 booktitle = {Proceedings of the 13th International Conference of Computational Linguistics},
 volume = {3},
 address= {Helsinki},
 pages = {168--173}
}
