%% This file is a bibliography for the omorfi article.
@phdthesis{koskenniemi1983twolevel,
    author = {Kimmo Koskenniemi},
    title = {Two-level Morphology: A General Computational Model for Word-Form Recognition and Production},
    school = {University of Helsinki},
    year = {1983},
    url = {http://www.ling.helsinki.fi/koskenni/doc/Two-LevelMorphology.pdf},
}

@mastersthesis{pirinen2008suomen,
    title = {Suomen kielen äärellistilainen automaattinen morfologinen analyysi avoimen lähdekoodin menetelmin},
    year = {2008},
    author = {Tommi Pirinen},
    school = {Helsingin yliopisto},
    url = {http://www.helsinki.fi/%7Etapirine/gradu/},
}

@article{ranta2008predictable,
  title={How predictable is Finnish morphology? an experiment on lexicon construction},
  author={Ranta, Aarne},
  journal={Resourceful Language Technology: Festschrift in Honor of Anna S{\aa}gvall Hein},
  pages={130--148},
  year={2008}
}

@article{koskenniemi2008build,
  title={How to Build an Open Source Morphological Parser Now},
  author={Koskenniemi, Kimmo},
  journal={Resourceful Language Technology: Festschrift in Honor of Anna S{\aa}gvall Hein},
  pages={86--},
  year={2008}
}

@article{karlsson1985process,
  title={A process model of morphology and lexicon},
  author={Karlsson, Fred and Koskenniemi, Kimmo},
  journal={Folia Linguistica},
  volume={29},
  pages={207--231},
  year={1985}
}

@article{holman1988finnmorf,
  title={FINNMORF: A computerized reference tool for students of Finnish morphology},
  author={Holman, Eugene},
  journal={Computers and the Humanities},
  volume={22},
  number={3},
  pages={165--172},
  year={1988},
  publisher={Springer}
}

@article{creutz2005unsupervised,
  title={Unsupervised morpheme segmentation and morphology induction from text corpora using Morfessor 1.0},
  author={Creutz, Mathias and Lagus, Krista},
  journal={Publications in Computer and Information Science, Report A},
  volume={81},
  year={2005}
}

@article{visk,
  title={Ison suomen kieliopin verkkoversio},
  author={Hakulinen, A and Vilkuna, M and Korhonen, R and Koivisto, V and Heinonen, TR and Alho, I},
  note={Web-page, Visited 20th March 2013},
  year={2005},
  url={http://scripta.kotus.fi/visk/}
}

@book{beesley2003finite,
    title = {Finite State Morphology},
    year = {2003},
    author = {Kenneth R Beesley and Lauri Karttunen},
    pages = {503},
    publisher = {CSLI publications},
    isbn = {978-1575864341},
}

@inproceedings{openfst,
    author = {Cyril Allauzen and Michael Riley and Johan Schalkwyk and Wojciech 
Skut and Mehryar Mohri},
    year = {2007},
    title = {Open{F}st: A General and Efficient Weighted Finite-State Transducer
 Library},
    pages = {11--23},
    url = {http://www.openfst.org},
}

@Inproceedings{pirinen2009weighted,
    Author = {Krister Lindén and Tommi Pirinen},
    Booktitle = {Nodalida 2009},
    series = {NEALT Proceedings},
    volume = {4},
    editor = {Kristiina Jokinen and Eckhard Bick},
    Title = {Weighted Finite-State Morphological Analysis of Finnish Compounds},
    URL = {http://www.ling.helsinki.fi/klinden/pubs/linden09dnodalida.pdf},
    Year = {2009}
}

@Inproceedings{pirinen2009weighting,
    Author = {Krister Lindén and Tommi Pirinen},
    Booktitle = {FSMNLP 2009},
    editor = {Bruce Watson and Derrick Courie and Loek Cleophas and Pierre Rautenbach},
    month = {July},
    isbn = {978-1-86854-743-2},
    Title = {Weighting Finite-State Morphological Analyzers using HFST tools},
    URL = {http://www.ling.helsinki.fi/klinden/pubs/fsmnlp2009weighting.pdf},
    Year = {2009}
}

