## The articles making up the thesis
@Inproceedings{pirinen2009weighted,
    Author = {Krister Lindén and Tommi Pirinen},
    Booktitle = {Nodalida 2009},
    series = {NEALT Proceedings},
    volume = {4},
    editor = {Kristiina Jokinen and Eckhard Bick},
    Title = {Weighted Finite-State Morphological Analysis of Finnish Compounds},
    URL = {http://www.ling.helsinki.fi/klinden/pubs/linden09dnodalida.pdf},
    Year = {2009},
    category = {thesis}
}

@Inproceedings{pirinen2009weighting,
    Author = {Krister Lindén and Tommi Pirinen},
    Booktitle = {FSMNLP 2009},
    editor = {Bruce Watson and Derrick Courie and Loek Cleophas and Pierre Rautenbach},
    month = {July},
    isbn = {978-1-86854-743-2},
    Title = {Weighting Finite-State Morphological Analyzers using HFST tools},
    URL = {http://www.ling.helsinki.fi/klinden/pubs/fsmnlp2009weighting.pdf},
    Year = {2009},
    category = {thesis}
}

@inproceedings{pirinen2010building,
    author = {Tommi A Pirinen and Krister Lindén},
    title = {Building and Using Existing Hunspell Dictionaries and {\TeX } Hyphenators as Finite-State Automata},
    booktitle = {Proccedings of Computational Linguistics - Applications, 2010},
    year = {2010},
    address = {Wis{\l}a, Poland},
    pages = {25---32},
    url = {http://www.helsinki.fi/%7Etapirine/publications/Pirinen-cla-2010.pdf},
    category = {thesis}
}

@InProceedings{pirinen2010finitestate,
    author = {Tommi A Pirinen and Krister Lindén},
    title = {Finite-State Spell-Checking with Weighted Language and Error Models},
    booktitle = {Proceedings of the Seventh SaLTMiL workshop on creation and use of basic lexical resources for less-resourced languagages},
    year = {2010},
    address = {Valletta, Malta},
    pages = {13--18},
    url = {http://siuc01.si.ehu.es/%7Ejipsagak/SALTMIL2010\_Proceedings.pdf},
    category = {thesis}
}

@article{pirinen2010creating,
  title={Creating and Weighting Hunspell Dictionaries as Finite-State Automata},
  author={Pirinen, T.A. and Lindén, K. and others},
  journal={Investigationes Linguisticae},
  volume={21},
  year={2010},
    category = {thesis}
}

@inproceedings{pirinen2011modularisation,
    author = {Tommi A Pirinen},
    year = {2011},
    title = {Modularisation of Finnish Finite-State Language Description—Towards Wide Collaboration in Open Source Development of Morphological Analyser},
    booktitle = { Proceedings of Nodalida},
   volume = {18},
   series = {NEALT proceedings},
   url = {http://www.helsinki.fi/\%7etapirine/publications/Pirinen-nodalida-2011-omorfi.pdf},
    category = {thesis}
}

@article{pirinen2012compiling,
  title={Compiling Apertium morphological dictionaries with HFST and using them in HFST applications},
  author={Pirinen, T.A. and Tyers, F.M.},
  journal={Language Technology for Normalisation of Less-Resourced Languages},
  pages={25},
  year={2012},
    category = {thesis}
}

@inproceedings{pirinen2012effects,
  author    = {Pirinen, Tommi A  and  Hardwick, Sam},
  title     = {Effect of Language and Error Models on Efficiency of 
      Finite-State Spell-Checking and Correction},
  booktitle = {Proceedings of the 10th International Workshop on Finite State
      Methods and Natural Language Processing},
  month     = {July},
  year      = {2012},
  address   = {Donostia--San Sebastián},
  publisher = {Association for Computational Linguistics},
  pages     = {1--9},
  url       = {http://www.aclweb.org/anthology/W12-6201},
    category = {thesis}
}

@conference{pirinen2012improving,
    title = {Improving Finite-State Spell-Checker Suggestions with Part of Speech N-Grams},
    author = {Tommi Pirinen and Miikka Silfverberg and Krister Lindén},
    year = {2012},
    location = {Delhi, India},
    booktitle = {IJCLA},
    category = {thesis}
}
@article{pirinen2013quality,
    title = {Quality and Speed Trade-Offs in Weighted Finite-State Spell-Checking},
    year = {2013},
    author = {Tommi A Pirinen},
    journal = {presubmitted},
    note = {forthcoming???},
    category = {thesis}
}

