%% This file is a bibliography for the omorfi article.

@article{haverinen2013building,
    year={2013},
    issn={1574-020X},
    journal={Language Resources and Evaluation},
    doi={10.1007/s10579-013-9244-1},
    title={Building the Essential Resources for {F}innish: the {T}urku Dependency Treebank},
    url={http://dx.doi.org/10.1007/s10579-013-9244-1},
    publisher={Springer Netherlands},
    keywords={Treebank; Finnish; Parsing; Morphology},
    author={Haverinen, Katri and Nyblom, Jenna and Viljanen, Timo and Laippala, Veronika and Kohonen, Samuel and Missilä, Anna and Ojala, Stina and Salakoski, Tapio and Ginter, Filip},
    pages={1-39},
    language={English}
}

@inproceedings{toivanen2012corpus,
  title={Corpus-Based Generation of Content and Form in Poetry},
  author={Toivanen, Jukka and Toivonen, Hannu and Valitutti, Alessandro and Gross, Oskar},
  booktitle={Proceedings of the Third International Conference on Computational Creativity},
  year={2012}
}

@phdthesis{pirinen2014weighted,
    author = {Pirinen, Tommi A},
    title = {Weighted Finite-State Methods for Spell-Checking and Correction},
    school = {University of Helsinki},
    year = {2014},
}

@phdthesis{koskenniemi1983twolevel,
    author = {Kimmo Koskenniemi},
    title = {Two-level Morphology: A General Computational Model for Word-Form Recognition and Production},
    school = {University of Helsinki},
    year = {1983},
    url = {http://www.ling.helsinki.fi/koskenni/doc/Two-LevelMorphology.pdf},
}

@mastersthesis{pirinen2008suomen,
    title = {Suomen kielen äärellistilainen automaattinen morfologinen analyysi avoimen lähdekoodin menetelmin},
    year = {2008},
    author = {Tommi Pirinen},
    school = {Helsingin yliopisto},
    url = {http://www.helsinki.fi/%7Etapirine/gradu/},
}

@article{ranta2008predictable,
  title={How Predictable is {F}innish morphology? An Experiment on Lexicon Construction},
  author={Ranta, Aarne},
  journal={Resourceful Language Technology: Festschrift in Honor of Anna S{\aa}gvall Hein},
  pages={130--148},
  year={2008}
}

@article{koskenniemi2008build,
  title={How to Build an Open Source Morphological Parser Now},
  author={Koskenniemi, Kimmo},
  journal={Resourceful Language Technology: Festschrift in Honor of Anna S{\aa}gvall Hein},
  pages={86--},
  year={2008}
}

@article{karlsson1985process,
  title={A process model of morphology and lexicon},
  author={Karlsson, Fred and Koskenniemi, Kimmo},
  journal={Folia Linguistica},
  volume={29},
  pages={207--231},
  year={1985}
}

@article{holman1988finnmorf,
  title={FINNMORF: A Computerized Reference Tool for Students of {F}innish Morphology},
  author={Holman, Eugene},
  journal={Computers and the Humanities},
  volume={22},
  number={3},
  pages={165--172},
  year={1988},
  publisher={Springer}
}

@article{creutz2005unsupervised,
  title={Unsupervised Morpheme Segmentation and Morphology Induction from Text Corpora using Morfessor 1.0},
  author={Creutz, Mathias and Lagus, Krista},
  journal={Publications in Computer and Information Science, Report A},
  volume={81},
  year={2005}
}

@article{visk,
  title={Ison suomen kieliopin verkkoversio},
  author={Hakulinen, A and Vilkuna, M and Korhonen, R and Koivisto, V and Heinonen, TR and Alho, I},
  note={Web-page, Visited 20th March 2013},
  year={2005},
  url={http://scripta.kotus.fi/visk/}
}

@book{beesley2003finite,
    title = {Finite State Morphology},
    year = {2003},
    author = {Kenneth R Beesley and Lauri Karttunen},
    pages = {503},
    publisher = {CSLI publications},
    isbn = {978-1575864341},
}

%% Proceedings of the Twelfth International Conference on Implementation and Application of Automata, (CIAA 2007), Lecture Notes in Computer Science, Vol. 4783. pp. 11-23. Prague, Czech Republic. Springer.

@inproceedings{openfst,
    author = {Cyril Allauzen and Michael Riley and Johan Schalkwyk and Wojciech 
Skut and Mehryar Mohri},
    year = {2007},
    title = {Open{F}st: A General and Efficient Weighted Finite-State Transducer
 Library},
    pages = {11--23},
    booktitle={Proceedings of the Twelfth International Conference on Implementation and Application of Automata, (CIAA 2007)},
    series= {Lecture Notes in Computer Science},
    volume={4783},
    publisher = {Springer},
    url = {http://www.openfst.org},
}

@Inproceedings{pirinen2009weighted,
    Author = {Krister Lindén and Tommi Pirinen},
    Booktitle = {Nodalida 2009},
    series = {NEALT Proceedings},
    volume = {4},
    editor = {Kristiina Jokinen and Eckhard Bick},
    Title = {Weighted Finite-State Morphological Analysis of {F}innish Compounds},
    URL = {http://www.ling.helsinki.fi/klinden/pubs/linden09dnodalida.pdf},
    Year = {2009}
}

@Inproceedings{pirinen2009weighting,
    Author = {Krister Lindén and Tommi Pirinen},
    Booktitle = {FSMNLP 2009},
    editor = {Bruce Watson and Derrick Courie and Loek Cleophas and Pierre Rautenbach},
    month = {July},
    isbn = {978-1-86854-743-2},
    Title = {Weighting Finite-State Morphological Analyzers using {HFST} tools},
    URL = {http://www.ling.helsinki.fi/klinden/pubs/fsmnlp2009weighting.pdf},
    Year = {2009}
}

@inproceedings{pirinen2011modularisation,
    author = {Tommi A Pirinen},
    year = {2011},
    title = {Modularisation of {F}innish Finite-State Language Description—Towards Wide Collaboration in Open Source Development of Morphological Analyser},
    booktitle = { Proceedings of Nodalida},
    volume = {18},
    series = {NEALT proceedings},
    url = {http://www.helsinki.fi/\%7etapirine/publications/Pirinen-nodalida-2011-omorfi.pdf}
}

@inproceedings{maxwell2008joint,
    title = {Joint Grammar Development by Linguists and Computer Scientists},
    author = {Michael Maxwell and Anne David},
    year = {2008},
    booktitle = {Workshop on NLP for Less Privileged Languages, Third International Joint Conference on Natural Language Processing},
    address = {Hyderabad, India}
}

@book{hakulinen1968suomen,
  title={Suomen kielen rakenne ja kehitys},
  author={Hakulinen, Lauri},
  year={1968},
  publisher={Kustannusosakeyhti{\"o} Otava}
}

@book{karlsson1982suomen,
  title={Suomen kielen {\"a}{\"a}nne-ja muotorakenne},
  author={Karlsson, Fred},
  year={1982},
  publisher={Werner S{\"o}derstr{\"o}m oy}
}

@book{setala1920suomen,
  title={Suomen kielioppi: {\"A}{\"a}nne-ja sanaoppi},
  author={Set{\"a}l{\"a}, Emil Nestor},
  year={1920},
  publisher={Kustannusosakeyhti{\"o} Otava}
}

@article{pirinen2012improving,
  title={Improving Finite-State Spell-Checker Suggestions with Part of Speech n-grams},
  author={Pirinen, Tommi and Silfverberg, Miikka and Linden, Krister and others},
  journal={Computational Linguistics and Intelligent Text Processing 13th International Conference, CICLing 2012},
  year={2012}
}

@inproceedings{hfst2012,
      author = {Krister Lind\'{e}n and Erik Axelson and Senka Drobac and Sam Hardwick and Miikka Silfverberg and Tommi A Pirinen},
      title = {Using {HFST} for Creating Computational Linguistic Applications},
      booktitle = {Proceedings of Computational Linguistics - Applications, 2012},
      year = {2012}
}

@book{karlsson1995constraint,
  title={Constraint Grammar: a Language-Independent System for Parsing Unrestricted Text},
  author={Karlsson, Fred and Voutilainen, Atro and Heikkilä, Juha and Anttila, Arto},
  volume={4},
  year={1995},
  publisher={De Gruyter Mouton}
}

@Article{apertium,
    Author = {Mikel L. Forcada and Mireia Ginestí  Rosell  and Jacob Nordfalk and Jim O'Regan and Sergio Ortiz-Rojas and Juan Antonio Pérez-Ortiz and Gema Ramírez-Sánchez and Felipe Sánchez-Martínez  and Francis M. Tyers},
    Journal = {Machine Translation},
    Note = {\textit{to appear}},
    Title = {Apertium: a Free/Open-Source Platform for Rule-Based Machine Translation Platform},
    Year = {2010},
}
@inproceedings{tron2005hunmorph,
  title={Hunmorph: Open Source Word Analysis},
  author={Trón, V. and Kornai, A. and Gyepesi, G. and Németh, L. and Halácsy, P. and Varga, D.},
  booktitle={Proceedings of the Workshop on Software},
  pages={77--85},
  year={2005},
  organization={Association for Computational Linguistics}
}

@misc{ftc,
    author = {{Finnish Text Collection}},
    title = {Helsingin Sanomat 1995},
    year = {1995},
    note = {An Electronic Document Collection of the Finnish Language Containing 6 Million Words. 
        Gatherers: The Department of General Linguistics, University of Hensinki; The University of Joensuu; CSC - Scientific Computing Ltd. Available through CSC},
    url = {http://www.csc.fi/},
    howpublished = {Restricted Collection on CSC Servers},
}

@article{chen1999empirical,
  title={An Empirical Study of Smoothing Techniques for Language Modeling},
  author={Chen, Stanley F and Goodman, Joshua},
  journal={Computer Speech \& Language},
  volume={13},
  number={4},
  pages={359--393},
  year={1999},
  publisher={Elsevier}
}

@article{linden2010finnwordnet,
  title={FinnWordNet-WordNet p{\aa} finska via {\"o}vers{\"a}ttning},
  author={Lind{\'e}n, Krister and Carlson, Lauri},
  journal={LexicoNordica},
  year={2010},
  publisher={Nordisk Forening för Leksikografi}
}

@inproceedings{voutilainen2012specifying,
  title={Specifying Treebanks, Outsourcing Parsebanks: Finntreebank 3},
  author={Voutilainen, Atro and Muhonen, Kristiina and Purtonen, Tanja Katariina and Lind{\'e}n, Krister and others},
  booktitle={Proceedings of LREC 2012 8th ELRA Conference on Language Resources and Evaluation},
  year={2012}
}

@article{bohnet2013joint,
    title={Joint Morphological and Syntactic Analysis for Richly Inflected Languages},
    year={2013},
    author={Bernd Bohnet and Joakim Nivre and Igor Bouguavsky and Richárd Farkas and Filip Ginter and Jan Hajič},
    booktitle={Transactions of the Association for Computational Linguistics},
    number={1},
    pages={415--428},
}

@misc{listenmaa2009combining,
    title={Combining Word Lists: Nykysuomen sanalista, Joukahainen-sanasto 
and Käänteissanakirja (in {F}innish)},
    author={Inari Listenmaa},
    year={2009},
    note={Bachelor's thesis},
    school={University of Helsinki, Department of General Linguistics},
}

@inproceedings{opengrm,
    crossref = {sorensen2011unary},
}

@inproceedings{sorensen2011unary,
  title={Unary Data Structures for Language Models.},
  author={Sorensen, Jeffrey and Allauzen, Cyril},
  booktitle={INTERSPEECH},
  pages={1425--1428},
  year={2011}
}

@inproceedings{clifton2011combining,
 author = {Clifton, Ann and Sarkar, Anoop},
 title = {Combining Morpheme-based Machine Translation with Post-processing Morpheme Prediction},
 booktitle = {Proceedings of the 49th Annual Meeting of the Association for Computational Linguistics: Human Language Technologies - Volume 1},
 series = {HLT '11},
 year = {2011},
 isbn = {978-1-932432-87-9},
 location = {Portland, Oregon},
 pages = {32--42},
 numpages = {11},
 url = {http://dl.acm.org/citation.cfm?id=2002472.2002477},
 acmid = {2002477},
 publisher = {Association for Computational Linguistics},
 address = {Stroudsburg, PA, USA},
 flammie = {smt eng-fin},
}

@inproceedings{durrett2013supervised,
title = {Supervised Learning of Complete Morphological Paradigms},
author = {Greg Durrett and John DeNero},
year = 2013,
URL = {http://aclweb.org/anthology//N/N13/N13-1138.pdf},
booktitle = {Proceedings of the North American Chapter of the
Association for Computational Linguistics}
}

@inproceedings{silfverberg2009hfst,
  title={Hfst runtime format—a compacted transducer format allowing for fast lookup},
  author={Silfverberg, Miikka and Lind{\'e}n, Krister},
  booktitle={FSMNLP},
  volume={13},
  year={2009}
}
