%% AUTHOR
%% AFFILIATION
%% ------------------------------------------------------------------------
%% BIBLIOGRAFIA
%% ------------------------------------------------------------------------

@article{BiciciPBML2015,
author = {Ergun Bi\c{c}ici},
title = {Domain Adaptation for Machine Translation with Instance Selection},
journal = {The Prague Bulletin of Mathematical Linguistics},
year = {2015},
volume = {103},
pages = {5--20},
issn = {1804-0462},
doi = {10.1515/pralin-2015-0001},
keywords = "Machine Translation, Machine Learning, Domain Adaptation",
}

@article{BiciciYuret:FDA5:TASLP,
   author       = {Ergun Bi\c{c}ici and Deniz Yuret},
   journal      = {{IEEE/ACM} {T}ransactions On {A}udio, {S}peech, and {L}anguage {P}rocessing ({TASLP})},
   title        = {Optimizing Instance Selection for Statistical Machine Translation with Feature Decay Algorithms},
   year         = {2015},
   pages        = {339-350},
   volume       = {23},
   doi          = {10.1109/TASLP.2014.2381882}
}

@InProceedings{Bicici:FDA54FDA:WMT15,
  author = {Ergun Bi\c{c}ici and Qun Liu and Andy Way},
  title = {{ParFDA} for Fast Deployment of Accurate Statistical Machine Translation Systems, Benchmarks, and 
Statistics},
  booktitle = {Proceedings of the EMNLP 2015 {T}enth {W}orkshop on {S}tatistical {M}achine {T}ranslation},
  month = {September},
  year = {2015},
  address = {Lisbon, Portugal},
  publisher = {Association for Computational Linguistics},
}

@phdthesis{BiciciThesis,
author = {Ergun Bi\c{c}ici},
note = {Supervisor: Deniz Yuret},
title = {The Regression Model of Machine Translation},
year = {2011},
school = {Ko\c{c} University},
}

@misc{LDCGigawordSpanish,
  author = {\^{A}ngelo Mendon\c{c}a and Daniel Jaquette and David Graff and Denise DiPersio},
  title = {Spanish {G}igaword Third edition, {L}inguistic {D}ata {C}onsortium},
  address = {Philadelphia, USA},
  year = {2011},
}

@inproceedings{E06-1032,
    author = {Chris Callison-Burch and Miles Osborne and Philipp Koehn},
    booktitle = {11th Conference of the European Chapter of the Association for Computational Linguistics},
    title = {Re-evaluation the Role of Bleu in Machine Translation Research},
    url = {http://www.aclweb.org/anthology/E06-1032},
    year = {2006},
    pages = {249--256}
    }
    
@InProceedings{cdec,
  author={Chris Dyer and Adam Lopez and Juri Ganitkevitch and Johnathan Weese
          and Ferhan Ture and Phil Blunsom and Hendra Setiawan and Vladimir Eidelman and Philip Resnik},
  title={cdec: A Decoder, Alignment, and Learning Framework for Finite-State and Context-Free Translation Models},
  booktitle={Proceedings of the Association for Computational Linguistics (ACL)},
  year={2010}
}

@Article{forcada11a,
  author =       {Mikel L. Forcada and Mireia Ginest\'i-Rosell and
                  Jacob Nordfalk and Jim O'Regan and Sergio
                  Ortiz-Rojas and Juan Antonio P\'erez-Ortiz and
                  Felipe S\'anchez-Mart\'inez, Gema
                  Ram\'irez-S\'anchez and Francis M. Tyers},
  title =        {Apertium: a free/open-source platform for rule-based
                  machine translation},
  journal =      {Machine Translation},
  note =         {Special Issue: Free/Open-Source Machine Translation},
  year =         2011,
  volume =       25,
  number =       2,
  pages =        {127--144},
}

@article{heafield2010combining,
  title={Combining Machine Translation Output with Open Source: The Carnegie Mellon Multi-Engine Machine Translation Scheme},
  author={Heafield, Kenneth and Lavie, Alon},
  journal={The Prague Bulletin of Mathematical Linguistics},
  volume={93},
  pages={27--36},
  year={2010}
}

@inproceedings{Koehn:2007:MOS:1557769.1557821,
 author = {Koehn, Philipp and Hoang, Hieu and Birch, Alexandra and Callison-Burch, Chris and Federico, Marcello and Bertoldi, Nicola and Cowan, Brooke and Shen, Wade and Moran, Christine and Zens, Richard and Dyer, Chris and Bojar, Ond\v{r}ej and Constantin, Alexandra and Herbst, Evan},
 title = {Moses: Open Source Toolkit for Statistical Machine Translation},
 booktitle = {Proceedings of the 45th Annual Meeting of the ACL on Interactive Poster and Demonstration Sessions},
 series = {ACL '07},
 year = {2007},
 location = {Prague, Czech Republic},
 pages = {177--180},
 numpages = {4},
 url = {http://dl.acm.org/citation.cfm?id=1557769.1557821},
 acmid = {1557821},
 publisher = {Association for Computational Linguistics},
 address = {Stroudsburg, PA, USA},
} 

@inproceedings{ljubesic14-tweetcat,
	Address = {Reykjavik, Iceland},
	Author = {Nikola Ljube{\v s}i{\'c} and Darja Fi{\v s}er and Toma{\v z} Erjavec},
	Booktitle = {Proceedings of the Ninth International Conference on Language Resources and Evaluation (LREC'14)},
	Title = {{TweetCaT: a Tool for Building Twitter Corpora of Smaller Languages}},
	Year = {2014}
}

@InProceedings{LJUBEI14.841,
  author = {Nikola Ljubešić and Antonio Toral},
  title = {caWaC - a Web Corpus of Catalan and its Application to Language Modeling and Machine Translation},
  booktitle = {Proceedings of the Ninth International Conference on Language Resources and Evaluation (LREC'14)},
  year = {2014},
  month = {may},
  date = {26-31},
  address = {Reykjavik, Iceland},
 }
 
 @article{DBLP:journals/mt/MayorASLLS11,
  author    = {Aingeru Mayor and
               I{\~{n}}aki Alegria and
               Arantza D{\'{\i}}az de Ilarraza S{\'{a}}nchez and
               Gorka Labaka and
               Mikel Lersundi and
               Kepa Sarasola},
  title     = {\emph{Matxin}, an open-source rule-based machine translation system
               for Basque},
  journal   = {Machine Translation},
  volume    = {25},
  number    = {1},
  pages     = {53--82},
  year      = {2011},
  url       = {http://dx.doi.org/10.1007/s10590-011-9092-y},
  doi       = {10.1007/s10590-011-9092-y},
  timestamp = {Thu, 18 Aug 2011 14:33:00 +0200},
  biburl    = {http://dblp.uni-trier.de/rec/bib/journals/mt/MayorASLLS11},
  bibsource = {dblp computer science bibliography, http://dblp.org}
}


@inproceedings{padro12,
author="Lluís Padró and Evgeny Stanilovsky",
title="FreeLing 3.0: Towards Wider Multilinguality",
booktitle="Proceedings of the Language Resources and Evaluation Conference (LREC 2012)",
organization="ELRA",
address="Istanbul, Turkey",
year="2012"
}

@inproceedings{papineni2002bleu,
  title={BLEU: a method for automatic evaluation of machine translation},
  author={Papineni, Kishore and Roukos, Salim and Ward, Todd and Zhu, Wei-Jing},
  booktitle={Proceedings of the 40th annual meeting on association for computational linguistics},
  pages={311--318},
  year={2002},
}

@inproceedings{snover2006study,
  title={A study of translation edit rate with targeted human annotation},
  author={Snover, Matthew and Dorr, Bonnie and Schwartz, Richard and Micciulla, Linnea and Makhoul, John},
  booktitle={Proceedings of Association for machine translation in the Americas},
  pages={223--231},
  year={2006}
}


@InProceedings{TIEDEMANN12.463,
  author = {Jörg Tiedemann},
  title = {Parallel Data, Tools and Interfaces in OPUS},
  booktitle = {Proceedings of the Eight International Conference on Language Resources and Evaluation (LREC'12)},
  year = {2012},
  month = {may},
  date = {23-25},
  address = {Istanbul, Turkey},
  editor = {Nicoletta Calzolari (Conference Chair) and Khalid Choukri and Thierry Declerck and Mehmet Ugur Dogan and Bente Maegaard and Joseph Mariani and Jan Odijk and Stelios Piperidis},
  publisher = {European Language Resources Association (ELRA)},
  isbn = {978-2-9517408-7-7},
  language = {english}
 }
 
 @inproceedings{kneser1995improved,
  title={Improved backing-off for m-gram language modeling},
  author={Kneser, Reinhard and Ney, Hermann},
  booktitle={Acoustics, Speech, and Signal Processing, 1995. ICASSP-95., 1995 International Conference on},
  volume={1},
  pages={181--184},
  year={1995},
  organization={IEEE}
}
@inproceedings{stolcke2002srilm,
  title={SRILM-an extensible language modeling toolkit.},
  author={Stolcke, Andreas and others},
  booktitle={INTERSPEECH},
  year={2002}
}

@inproceedings{abumatran2015wmt,
  title={{Abu-MaTran at WMT 2015 Translation Task: Morphological Segmentation and Web Crawling}},
  year={2015},
  author={Raphael Rubino and Tommi Pirinen and Miquel Esplà-Gomis and Nikola Ljubešić and Sergio Ortiz-Rojas and Vassilis Papavassiliou and Prokopis Prokopidis and Antonio Toral},
  booktitle={Proceedings of the Tenth Workshop on Statistical Machine Translation}
}

@article{morfessor,
  title={Morfessor 2.0: Python implementation and extensions for morfessor baseline},
  author={Virpioja, Sami and Smit, Peter and Gr{\"o}nroos, Stig-Arne and Kurimo, Mikko and others},
  year={2013},
  publisher={Aalto University}
}
